3354 4938
392 295 461 367 186
531 314 719 366 cretenau
743 272 899 366 encres.
924 301 944 330 “
960 313 1093 367 annun
1112 313 1300 365 novaauu
1316 349 1337 378 „

386 487 467 551 dum
478 484 815 569 certamen,ipsasque
827 487 898 550 eius
910 485 1037 550 radices
1048 481 1367 566 amputandas,mira
1376 483 1426 548 vis
1437 493 1494 548 est

386 589 614 654 institutorum
628 590 895 668 christianorum,
904 608 1010 672 eaque
1021 583 1211 669 multiplex.

210 696 360 804 ormi&
430 693 484 757 Ac
500 695 645 777 primurn
661 703 733 759 tota
759 693 935 776 disciplina
961 690 1140 774 religionis,
1156 691 1248 755 cuius
1264 700 1316 755 est
1330 691 1497 776 interpres

210 829 263 862 mn
283 817 359 888 'nra-
386 805 420 860 et
435 806 548 861 custos
565 797 724 876 Ecclesia,
742 817 944 881 magnopere
959 806 1071 881 potest
1097 795 1281 878 locupletes
1297 805 1330 862 et
1346 796 1497 880 proleta-

203 875 361 981 'Zldffl
386 902 451 965 rios
461 921 663 982 componere
674 903 817 966 invicem
829 910 863 965 et
882 901 1094 983 coniungere,
1108 899 1234 964 scilicet
1246 908 1388 984 utroque
1402 900 1498 966 ordi·

225 1003 345 1098 ΡᾟΡ·
387 1023 429 1068 ne
443 1005 486 1068 ad
503 1001 613 1067 officia
640 1013 756 1069 mutua
772 1004 970 1079 revocando,
986 1003 1018 1066 in
1046 1004 1228 1086 primisque
1255 1005 1298 1068 ad
1315 1024 1353 1069 ea
1370 1024 1456 1088 quae
1470 1025 1496 1069 a

223 1111 249 1171 al
263 1123 344 1197 rosn-
385 1107 512 1172 iustitia
527 1109 702 1172 ducuntur.
719 1107 851 1191 Quibus
864 1129 908 1172 ex
932 1105 1050 1172 officiis
1075 1105 1132 1172 illa
1158 1108 1373 1190 proletarium
1390 1118 1495 1192 atque

208 1181 357 1289 offiffrbsscbm.
385 1209 539 1294 opificem
556 1213 748 1294 attingunt3
775 1213 864 1294 quod
890 1211 992 1276 libere
1012 1220 1046 1275 et
1072 1230 1148 1276 cum
1170 1213 1339 1296 aequitate
1355 1223 1496 1295 pactum

210 1291 359 1418 mmo„
385 1334 507 1396 operae
518 1315 572 1392 sit,
583 1315 616 1378 id
638 1315 766 1398 integre
780 1325 814 1380 et
831 1314 973 1380 fideliter
989 1315 1146 1380 reddere:
1162 1335 1229 1379 non
1242 1315 1288 1380 rei
1305 1314 1373 1380 ullo
1390 1317 1496 1381 modo

210 1419 306 1506 hirtis·
337 1425 362 1465 er
387 1437 515 1496 nocere,
531 1437 598 1482 non
614 1437 791 1501 personam
818 1417 943 1484 violare
958 1418 1171 1484 dominorum
1186 1441 1193 1483 :
1209 1419 1242 1482 in
1260 1418 1341 1502 ipsis
1357 1417 1494 1484 tuendis

209 1479 303 1538 ψ’
387 1521 571 1587 rationibus
586 1522 655 1585 suis
670 1522 837 1586 abstinere
864 1543 884 1586 a
911 1523 952 1600 vi,
968 1541 1030 1586 nec
1057 1521 1256 1585 seditionem
1280 1521 1416 1585 induere
1431 1538 1497 1584 un-

386 1644 486 1708 quam
501 1645 583 1688 :nec
593 1625 801 1690 commisceri
811 1645 887 1690 cum
901 1625 1093 1690 hominibus
1103 1625 1285 1707 flagitiosis,
1294 1623 1498 1688 immodicas

386 1749 463 1812 spes
478 1740 513 1794 et
537 1731 700 1811 promissa
727 1730 876 1813 ingentia
896 1728 1074 1795 artificiose
1091 1729 1301 1807 iactantibus,
1316 1727 1407 1812 quod
1424 1726 1498 1792 lere

385 1832 743 1916 habetpoenitentiam
771 1835 922 1898 inutilem
948 1844 981 1898 et
1007 1831 1215 1898 fortunarum
1240 1832 1353 1896 ruinas
1377 1849 1497 1897 conse-

222 1939 312 2010 ilarsa
323 1952 359 1997 n·-
384 1946 535 2019 quentes.
550 1974 594 1988 -
612 1938 682 2002 lsta
696 1957 775 2002 vero
790 1939 833 2001 ad
858 1938 978 2002 divites
1002 1946 1156 2020 spectant
1172 1956 1212 2000 ac
1232 1936 1410 2000 dominos:
1424 1953 1496 1999 non

208 2011 360 2118 3¹,2{{‡„.‘²⁶
385 2039 557 2104 habendos
574 2041 816 2123 mancipiorum
832 2039 907 2104 loco
933 2040 1069 2122 opifices
1083 2064 1091 2104 t
1105 2039 1210 2104 vereri
1232 2038 1266 2102 in
1283 2037 1331 2102 eis
1346 2054 1495 2120 aequum

207 2127 264 2239 ,2¹2
276 2152 358 2256 κζ
384 2161 457 2206 esse
472 2143 672 2228 dignitatem
689 2163 859 2227 personae,
875 2144 989 2226 utique
1016 2141 1227 2208 nobilitatam
1253 2141 1298 2206 ab
1313 2160 1363 2219 eo,
1378 2139 1498 2205 chara-

197 2251 359 2362 {ffssmd‘lfssj
384 2255 453 2310 cter
480 2246 680 2312 christianus
703 2247 760 2331 qui
787 2249 916 2314 dicitur.
933 2247 1161 2330 Quaestuosas
1185 2256 1284 2324 artes,
1298 2245 1326 2309 si
1354 2254 1498 2308 naturae

207 2383 311 2478 nm
336 2382 359 2422 ,r
383 2349 478 2427 ratio,
493 2350 520 2413 si
536 2351 717 2416 christiana
732 2351 1124 2435 philosophia'audiatur,
1139 2371 1205 2416 non
1223 2348 1342 2434 pudori
1361 2347 1495 2412 homini

208 2501 274 2543 um,
303 2509 357 2540 con·
383 2473 464 2532 esse,
476 2455 535 2518 sed
546 2455 666 2532 decori,
678 2457 756 2537 quia
767 2455 856 2520 vitae
877 2436 1117 2519 sustentandae
1132 2454 1294 2538 praebent
1309 2453 1489 2517 honestam

202 2546 322 2663 {eim
383 2567 595 2640 potestatem.
609 2559 697 2623 lllud
710 2579 786 2624 vere
796 2570 894 2642 turpe
905 2567 938 2624 et
948 2559 1178 2634 inhumanum,
1188 2559 1281 2622 abuti
1294 2555 1490 2623 hominibus

206 2670 276 2735 squ.
298 2675 355 2719 ren·-
382 2680 443 2743 pro
454 2663 552 2726 rebus
562 2662 604 2726 ad
615 2671 863 2744 quaestum,nec
875 2661 983 2726 facere
1004 2683 1061 2728 eos
1082 2663 1196 2746 pluris,
1205 2681 1306 2745 quam
1323 2668 1490 2743 quantum

202 2735 356 2841 53:²32?ssss
383 2766 490 2829 nervis
506 2764 656 2849 polleant
682 2766 880 2850 viribusque.
898 2766 1059 2832 Similiter
1084 2767 1295 2850 praecipitur,
1318 2762 1491 2846 religionis

204 2859 302 2905 '‘m''
382 2878 416 2933 et
430 2868 595 2934 bonorum
611 2869 714 2933 animi
738 2869 853 2933 baberi
880 2871 1044 2935 rationem
1072 2871 1105 2934 in
1121 2869 1307 2952 proletariis
1323 2876 1488 2951 oportere.

382 2969 495 3054 Quare
509 2973 723 3038 dominorum
750 2983 861 3056 partes
888 2992 970 3050 esse,
984 2971 1114 3037 efficere
1128 2981 1167 3036 ut
1181 2972 1304 3036 idoneo
1327 2969 1492 3054 temporis

279 3153 280 3158 ἵ
380 3076 491 3157 spatio
503 3077 619 3160 pietati
634 3087 729 3142 vacet
742 3076 858 3158 opifex
871 3101 877 3143 :
891 3097 957 3140 non
969 3077 1139 3141 hominem
1150 3075 1231 3140 dare
1245 3075 1382 3141 obvium
1395 3073 1491 3138 leno-

381 3181 475 3243 ciniis
503 3182 766 3264 corruptelarum
798 3179 1028 3265 illecebrisque
1058 3181 1241 3264 peccandi:
1279 3198 1389 3263 neque
1418 3175 1491 3243 ullo

380 3293 480 3364 pacto
505 3302 537 3346 a·
552 3305 631 3348 cura
658 3286 843 3350 domestica
870 3285 1161 3368 parcimoniaeque
1187 3285 1299 3348 studio
1314 3283 1492 3348 abducere.

382 3385 467 3449 ltem
485 3407 552 3452 non
567 3390 642 3470 plus
655 3389 826 3472 imponere
836 3389 956 3470 operis,
966 3409 1066 3471 quam
1077 3387 1162 3452 vires
1175 3387 1258 3452 serre
1270 3395 1406 3471 queant,
1420 3405 1484 3450 nec

205 3513 353 3584 panarum.
379 3491 413 3554 id
425 3509 540 3573 genus,
550 3495 642 3575 quod
655 3512 730 3558 cum
744 3502 855 3558 aetate
868 3512 1020 3575 sexuque
1031 3493 1199 3558 dissideat
1212 3529 1256 3542 -
1269 3491 1309 3555 ln
1326 3489 1490 3556 maximis

204 3581 354 3630 “⁶²⁸²‘'0‘·
377 3601 492 3658 autem
516 3591 632 3658 officiis
663 3596 877 3660 dominorum
909 3596 991 3661 illud
1024 3596 1158 3674 eminet,
1188 3596 1277 3662 iusta
1306 3596 1489 3678 unicuique

202 3642 305 3688 vendam
325 3659 354 3689 ex

203 3701 353 3808 mm
378 3698 545 3779 praebere.
562 3697 715 3763 Proiecto
731 3707 768 3763 ut
795 3700 957 3764 mercedis
982 3708 1149 3765 statuatur
1164 3720 1209 3764 ex
1225 3699 1396 3784 aequitate
1412 3717 1486 3762 mo-

202 3818 262 3874 rem,
378 3803 449 3880 dus,
475 3820 613 3866 caussae
643 3811 721 3868 sunt
750 3805 1014 3869 considerandae
1044 3805 1174 3888 plures:
1206 3803 1265 3868 sed
1296 3805 1485 3886 generatim

377 3904 560 3989 locupletes
576 3916 678 3990 atque
693 3906 762 3971 heri
794 3907 1016 3987 meminerint,
1032 3927 1182 3992 premere
1197 3906 1415 3973 emolumenti
1431 3907 1486 3972 sui

201 4045 343 4093 ,mm
377 4027 494 4073 caussa
510 4009 699 4091 indigentes
724 4029 762 4075 ac
788 4011 935 4090 miseros,
951 4012 1126 4095 alienaque
1153 4033 1198 4076 ex
1220 4011 1335 4096 inopia
1350 4020 1489 4094 captare

201 4107 352 4212 mim·
378 4123 563 4194 quaestum,
579 4133 645 4178 non
662 4114 785 4193 divina,
807 4135 874 4180 non
901 4115 1050 4180 humana
1077 4118 1148 4180 iura
1172 4118 1287 4182 sinere.
1316 4116 1488 4181 Fraudare

200 4224 352 4331 maneriis:
376 4235 456 4330 uero
466 4237 669 4301 quemquam
692 4221 844 4282 mercede
856 4219 970 4283 debita
989 4220 1117 4302 grande
1129 4220 1297 4303 piaculum
1317 4229 1376 4298 est,
1392 4219 1485 4302 quod

198 4353 273 4401 pm,
381 4337 446 4382 tras
461 4340 481 4383 c
495 4320 588 4386 caelo
604 4320 737 4386 ultrices
752 4323 897 4388 clamore
925 4324 1074 4390 devocat.
1088 4323 1169 4388 Ecce
1195 4345 1312 4388 merces
1325 4323 1487 4406 operan'o·
