3354 4938
410 241 480 331 ²38
601 257 748 310 ursos.
769 256 897 308 srosr.
921 241 940 271 ‘⁶
959 251 1075 304 sanun
1094 253 1135 303 nr
1156 252 1286 304 prunus
1304 287 1325 315 „

405 437 687 504 dismembrentur
701 435 825 520 pariter
850 434 895 499 ab
918 433 1113 516 episcopatu
1134 432 1178 496 de
1194 430 1320 496 Puebla
1336 431 1513 514 paroeciae

407 545 450 610 de
466 543 649 628 Coycoyan
674 549 708 606 et
732 541 775 604 de
802 538 975 620 Mixtepec
1000 536 1084 602 sitae
1107 537 1139 599 in
1162 535 1313 601 districtu
1330 536 1373 599 de
1388 534 1513 617 Justla·

407 648 513 714 huaca
540 644 642 728 (civili
666 652 756 710 statu
783 643 826 708 de
850 641 1007 726 Oaxace)
1031 660 1092 705 nec
1116 660 1183 704 non
1200 639 1288 704 duae
1309 637 1457 704 ioraniae
1473 637 1516 701 de

408 750 588 816 Tehuacan
617 755 652 814 ct
677 745 864 814 Coxcatlan
896 745 980 812 sitae
1010 744 1043 807 in
1075 751 1164 808 statu
1187 743 1275 807 civili
1306 742 1350 806 de
1383 739 1518 818 Puebla,

408 873 534 939 eaeque
549 855 802 937 incorporentur
817 871 906 915 novo
920 847 1221 932 archiepiscopatui
1236 846 1280 910 de
1295 845 1496 929 Antequera
1511 863 1520 922 ;

407 957 488 1024 item
502 957 610 1023 eidem
625 952 925 1038 archiepiscopatui
937 953 1136 1016 adnectatur
1150 949 1314 1034 oppidum
1328 946 1372 1012 de
1383 947 1520 1030 Omapa

407 1063 442 1127 in
458 1071 548 1128 statu
572 1061 662 1126 civili
684 1060 727 1124 de
755 1056 896 1125 Oaxaca
911 1058 1023 1123 situm.
1044 1056 1198 1122 Tandem
1215 1053 1518 1140 archiepiscopatui

408 1167 451 1232 de
483 1166 621 1232 Linares
652 1165 777 1247 exigua
808 1161 865 1227 illa
893 1181 970 1245 pars
1002 1161 1214 1244 episcopatus
1246 1159 1363 1228 Sancti
1395 1155 1518 1224 Aloisii

410 1267 614 1331 Potosiensis
630 1265 839 1332 adiudicatur
853 1283 939 1348 quae
955 1264 988 1327 in
1012 1261 1101 1327 civili
1116 1270 1207 1329 statu
1223 1263 1267 1327 de
1283 1263 1406 1327 Nuevo
1423 1261 1520 1324 Leon

410 1368 474 1433 sita
489 1378 548 1435 est.
563 1369 622 1434 Ad
635 1379 763 1435 ceteras
778 1375 891 1434 autem
907 1367 1076 1432 dioeceses
1089 1365 1156 1432 alio
1172 1366 1239 1431 iam
1258 1376 1410 1448 tempore
1426 1363 1521 1428 insti·

409 1481 501 1537 tutas
516 1473 608 1557 quod
625 1473 755 1550 attinet,
771 1471 852 1536 nihil
869 1490 958 1536 nunc
972 1472 1016 1536 de
1034 1489 1149 1536 eorum
1166 1479 1256 1535 statu
1273 1479 1307 1536 et
1322 1467 1520 1534 definitione

253 1619 384 1668 Novarum
409 1575 565 1642 volumus
589 1596 663 1642 esse
689 1574 947 1642 immutandum.
973 1575 1046 1639 Iam
1071 1593 1151 1639 vero
1181 1594 1289 1639 novae
1315 1574 1455 1638 eaedem
1482 1579 1520 1636 ut

233 1679 301 1727 Μ’
285 1693 326 1725 ²¹⁹¹
341 1685 385 1739 ffl-
410 1680 595 1765 praefertur
606 1690 737 1746 erectae
746 1679 953 1746 cathedrales
962 1678 1135 1759 ecclesiae
1144 1688 1276 1744 servata
1287 1675 1408 1763 plena
1399 1694 1521 1742 rursum

234 1739 323 1870 gaiam
325 1753 386 1843 dm
410 1787 563 1868 paritate,
577 1784 735 1850 omnibus
751 1784 935 1848 identidem
952 1791 986 1847 et
1002 1782 1141 1866 singulis
1163 1783 1335 1867 gaudeant
1357 1789 1392 1845 et
1407 1778 1520 1844 iruan-

227 1857 362 1918 jurarem
410 1897 465 1953 tur
493 1887 685 1965 honoribus,
709 1887 957 1970 praerogativis
983 1886 1108 1970 gratiis,
1134 1885 1282 1964 indultis,
1312 1885 1520 1966 caeterisque

411 1991 532 2076 quibus
547 1989 668 2056 aliae
658 2010 691 2055 m
709 1990 892 2055 Mexicana
905 1989 1035 2054 ditione
1061 1989 1269 2055 cathedrales
1293 1987 1455 2054 ecclesiae
1476 1984 1520 2048 dc

412 2097 482 2161 iure
497 2094 667 2160 communi
683 2095 832 2179 gaudent
848 2102 949 2177 atque
964 2092 1127 2160 fruuntur.
1142 2094 1271 2158 Pariter
1292 2094 1349 2178 qui
1374 2091 1521 2166 titulum,

411 2198 720 2284 praeeminentiam,
734 2197 934 2281 dignitatem
957 2206 991 2263 et
1014 2198 1235 2263 ministerium
1253 2196 1444 2281 episcopale
1460 2195 1522 2259 erit

411 2303 586 2368 habitums
601 2300 758 2366 omnihus
773 2311 808 2367 et
831 2299 971 2384 singulis
986 2321 1072 2385 quae
1087 2302 1255 2366 ordinarie
1272 2301 1520 2385 Episcoporum

411 2407 545 2491 propria
562 2415 639 2470 sunt
655 2405 783 2470 fruatur
798 2414 899 2489 atque
914 2403 1141 2490 perfungatur.
1155 2404 1264 2472 Simili
1276 2405 1376 2470 modo
1391 2412 1426 2468 et
1439 2401 1519 2466 novi

411 2509 552 2596 praefati
583 2507 847 2574 christifidelium
877 2529 996 2592 greges
1026 2508 1144 2574 iisdem
1176 2509 1347 2593 gaudeant
1381 2508 1519 2584 iuribus,

411 2613 604 2690 honoribus,
619 2611 787 2677 favoribus
803 2621 838 2677 et
860 2611 1050 2696 privilegiis,
1065 2613 1187 2696 quibus
1202 2633 1282 2678 oves
1297 2613 1459 2677 dioecesis
1477 2611 1520 2674 ad

411 2737 513 2802 quam
530 2724 704 2781 transeunt
718 2716 868 2798 gaudent
883 2716 926 2782 de
941 2717 1011 2781 iure
1034 2717 1212 2784 communi.
1229 2717 1323 2781 Nihil
1340 2725 1453 2781 autem
1477 2714 1520 2785 de

412 2821 577 2886 dictarum
594 2819 724 2886 noviter
748 2828 931 2884 erectarum
958 2819 1088 2886 sedium
1105 2820 1346 2903 episcopalium
1362 2819 1443 2884 dote
1460 2832 1521 2898 per

146 2917 148 2922 ⁸
240 2971 387 3018 Nmffl„
411 2933 603 3010 praesentes
618 2924 773 2989 ducimus
799 2943 871 2988 esse
895 2925 1177 2992 constituendum.
1199 2926 1309 2991 Nobis
1324 2924 1415 2989 enim
1436 2928 1520 2984 nota

225 3031 383 3151 inuidiam
411 3039 462 3096 ⁶³t
479 3028 651 3094 M⁰x¹⁶³¹¹¹
668 3027 783 3112 909011
799 3027 906 3110 Pleias
918 3037 953 3093 et
968 3029 1093 3113 religio,
1102 3039 1308 3113 quapropter
1319 3024 1520 3094 confidimus

232 3163 347 3196 co-mmn
411 3155 489 3200 eum
506 3132 600 3198 novis
617 3131 793 3216 Episcopis
808 3132 900 3198 haud
924 3132 1116 3199 defuturum
1143 3134 1331 3218 iisdemque
1354 3130 1520 3197 auxilium

234 3209 264 3255 d
267 3213 334 3257 ”m
412 3248 446 3304 et
468 3238 701 3302 adiumentum
716 3237 963 3321 praestiturum,
979 3247 1015 3302 ut
1028 3237 1189 3321 pastoralr
1214 3258 1351 3303 munere
1367 3234 1428 3318 ipsi
1445 3254 1520 3318 per·

412 3343 506 3425 iungi
522 3351 555 3405 et
571 3340 794 3425 episcopalem
820 3340 1021 3424 dignitatem
1046 3340 1204 3406 decenter
1229 3339 1364 3406 valeant
1379 3357 1520 3404 servare.

411 3443 581 3528 Quoniam
612 3463 691 3508 vero
715 3443 945 3526 maximopere
975 3444 1113 3510 interest
1142 3453 1179 3509 ut
1210 3453 1384 3529 tamquam
1409 3443 1520 3508 olivae

410 3545 598 3611 iructiierae
614 3545 647 3609 in
671 3545 796 3611 Christi
823 3546 962 3612 Domini
978 3546 1067 3630 agris
1082 3557 1275 3614 constanter
1291 3568 1352 3631 pro
1368 3566 1519 3631 unaqua-

409 3671 476 3735 que
499 3648 644 3715 dioecesi
675 3649 770 3731 probi
795 3649 953 3733 doctique
983 3661 1142 3733 parentur
1165 3651 1351 3735 presbyteri
1377 3668 1518 3734 operam

410 3762 565 3821 accurate
591 3752 743 3818 navaturi
770 3761 842 3817 turn
868 3752 990 3818 divinis
1006 3764 1040 3819 et
1055 3753 1286 3820 ecclesiasticis
1302 3753 1429 3832 officiis,
1445 3763 1519 3818 tum

409 3860 597 3924 animarum
613 3853 837 3922 aedificationi
853 3865 1075 3942 aeternaeque
1091 3857 1222 3924 illarum
1239 3858 1349 3936 saluti,
1364 3859 1519 3923 iubemus

269 3970 385 4074 laquo-,r
358 3963 533 4028 a-idcireo
559 3961 691 4045 quod'
682 3980 714 4024 m
746 3979 947 4044 unaquaque
976 3960 1120 4026 dioecesi
1150 3961 1341 4046 episcopale
1372 3961 1520 4045 erigatur

232 4042 329 4193 ἷῖᾇιαή
303 4043 384 4194 ιιιῖἓῗ
409 4065 624 4134 seminarium
649 4066 683 4128 in
708 4084 776 4148 quo
800 4063 1014 4147 excipiantur
1036 4074 1070 4130 et
1092 4065 1310 4132 instituantur
1324 4065 1422 4130 iuxta
1442 4062 1518 4130 Tri·

233 4160 336 4253 mm,
330 4161 384 4254 ,''‘„,
409 4173 568 4238 dentinae
584 4168 714 4251 Synodi
730 4169 935 4252 praescripta
950 4167 972 4232 ii
998 4168 1238 4250 adolescentes,
1253 4190 1337 4254 quos
1354 4167 1517 4252 Episcopi

233 4265 361 4372 ζωή·
410 4278 560 4358 inspecta
585 4274 739 4357 propriae
761 4274 924 4339 dioecesis
950 4273 1095 4339 utilitate
1110 4273 1160 4339 vel
1178 4275 1377 4339 necessitate
1391 4275 1516 4340 admit·
