3352 4926
397 279 471 350 300
749 279 871 331 INDEX
898 279 1147 334 ANALYTICUS.

1448 433 1502 484 Pag.

466 502 587 638 veztigia
602 521 744 575 premens,
764 504 955 576 indulgentias
969 507 998 564 S.
1016 505 1157 562 Tunicam
1170 511 1344 564 veneraturis
1364 527 1430 566 cou-

467 597 500 637 ce
521 595 617 655 1t253.

429 685 478 738 58.
502 689 705 742 LITTERAE
726 689 1001 744 apostol-idm
1027 692 1151 752 quibus
1173 691 1431 742 immaculatam

393 773 563 836 Virginem
577 777 637 830 Dei
651 783 843 843 genitricem
854 779 999 829 Mariam
1010 777 1213 840 praeeipuam
1221 778 1323 842 Congi
1336 780 1430 830 inde-

393 860 566 920 pendentis
579 870 753 926 patronam
768 865 957 926 habendam
971 877 1039 916 esse
1051 865 1247 916 decernitur.
1261 891 1295 902 -
1304 865 1340 916 21
1351 866 1431 929 julli

501 1053 630 1111 Pontifex
652 1058 764 1114 laetatur
780 1059 818 1114 de
836 1058 1011 1112 incremento
1024 1054 1174 1124 Evangelii
1196 1054 1224 1109 iu
1240 1055 1332 1126 Congi
1350 1057 1430 1112 inde·

464 1132 616 1201 pendentis
629 1148 704 1191 statu
719 1149 779 1208 255.
793 1165 825 1176 -
837 1137 933 1192 Zelum
947 1134 1185 1204 congregationis
1197 1134 1233 1189 de
1247 1135 1428 1204 Scheutveld,

464 1211 594 1270 simulac
608 1215 760 1286 Belgarum
774 1217 862 1284 Regis
872 1213 979 1282 laudat,
989 1229 1102 1284 necnon
1116 1213 1295 1282 egregiorum
1308 1215 1431 1271 virorum

464 1305 584 1359 quorum
597 1293 717 1364 aliquos,
735 1295 849 1349 nomine
865 1293 980 1364 proprio
992 1290 1088 1358 citato,
1106 1291 1232 1346 celebrat
1245 1304 1306 1362 255.
1319 1322 1354 1333 -
1376 1294 1430 1348 Ρο-

463 1369 635 1427 stulantibus
655 1372 760 1443 Belgis,
773 1383 803 1428 ut
824 1372 995 1427 Beatissima
1016 1370 1104 1439 Virgo
1131 1371 1317 1426 Immaculata
1336 1372 1428 1442 Congi

464 1447 682 1519 independentis
697 1453 820 1507 Patrona
841 1451 1038 1522 proclametur,
1053 1447 1182 1503 Pontifex
1199 1449 1320 1505 libenter
1331 1467 1428 1506 asseu-

464 1529 506 1596 tit,
518 1529 591 1586 festo
610 1531 823 1603 Assumptionis
845 1529 979 1600 Deiparae
1001 1539 1031 1582 ut
1051 1528 1191 1596 patronali
1206 1527 1352 1598 assignato
1365 1541 1430 1600 255-

465 1607 526 1677 256.

425 1708 478 1762 59.
500 1711 708 1765 EPISTOLii
721 1715 764 1765 ad
777 1713 982 1765 Gulieimum
996 1711 1127 1771 iiiiiata,
1144 1713 1316 1774 prasinam
1330 1725 1429 1777 gene-

391 1797 495 1848 ralem
508 1801 673 1852 societatis
681 1803 853 1852 catholicas
865 1800 1054 1864 iuventutis
1067 1799 1200 1850 Italicae.
1216 1800 1265 1850 De
1277 1803 1430 1851 societate

391 1887 560 1939 catholicae
570 1890 760 1952 iuventutis
772 1891 905 1940 italicae.
921 1913 955 1924 -
969 1888 988 1939 8
1004 1886 1198 1948 septembris
1211 1887 1285 1938 1891
1325 1925 1425 1940 ......
1447 1897 1502 1954 257

497 1995 602 2050 Gratus
619 1996 655 2051 de
677 1995 752 2050 votis
771 1994 809 2050 ad
833 2011 863 2050 se
885 1993 990 2062 missis,
1004 1992 1134 2048 Pontifex
1154 2001 1275 2049 testatur
1296 2011 1424 2050 amorem

461 2074 585 2129 suumin
607 2075 778 2130 catholicam
787 2076 974 2146 juventutem,
988 2073 1211 2143 societatemque
1232 2075 1293 2143 ejus
1310 2074 1427 2129 nomine

460 2153 586 2210 dicatam
600 2170 659 2227 257.
673 2187 709 2198 -
722 2156 912 2213 Concordiam
925 2171 1011 2228 quam
1031 2151 1148 2224 policita
1160 2162 1204 2207 est
1224 2169 1289 2209 sese
1309 2151 1426 2208 servitu·

461 2249 521 2288 ram
535 2235 616 2290 laetus
630 2236 743 2306 salutat,
757 2253 910 2307 rursusque
922 2246 1035 2290 strenue
1049 2231 1172 2288 inculcat
1183 2245 1243 2302 257.
1254 2261 1289 2272 -
1300 2233 1425 2287 Normas

460 2314 600 2383 quasdam
614 2315 750 2384 perutiles
772 2313 908 2371 Societaii
930 2313 1079 2370 catholica
1099 2311 1254 2383 juventutis
1270 2311 1426 2367 servandas

460 2391 572 2448 tradere
596 2393 718 2450 intendit
734 2395 794 2465 258.
818 2425 854 2434 -
875 2393 985 2450 Laudat
1006 2393 1180 2450 Societatem
1199 2407 1217 2447 a
1238 2391 1425 2446 conventibus

460 2479 488 2523 et
508 2471 690 2528 comitatibus
712 2473 860 2530 catholicis
879 2473 985 2528 dictam
1005 2473 1065 2542 258.
1079 2473 1256 2528 -Societas
1277 2469 1426 2526 catholicae

456 2551 621 2620 juventutis,
635 2553 677 2608 sui
687 2553 759 2623 juris
772 2571 806 2609 ac
818 2554 908 2609 libera
921 2562 1037 2608 maneat
1050 2553 1110 2622 258.
1121 2581 1156 2592 ·-
1169 2548 1311 2620 Religioni
1323 2565 1358 2604 ac
1370 2549 1424 2603 vir·

460 2627 567 2686 tutibus
580 2630 720 2702 imprimis
732 2632 857 2700 addicta,
876 2633 1010 2701 populum
1031 2630 1184 2686 christiane
1199 2639 1277 2684 curet
1295 2629 1425 2683 excolen-

459 2708 536 2776 dum,
548 2710 613 2765 Sed
627 2712 728 2780 Apost.
742 2711 953 2779 vindicandam,
967 2712 1044 2766 bona
1064 2710 1171 2780 scripta
1183 2707 1346 2780 spargenda
1359 2707 1422 2777 258-

460 2801 473 2838 2
478 2789 671 2855 59.-Laudat
685 2789 858 2846 Societatem
871 2791 907 2844 de
919 2789 1055 2845 institutis
1065 2791 1103 2845 ad
1116 2790 1246 2844 levamen
1259 2803 1424 2856 pauperum,

458 2867 495 2920 :td
506 2867 712 2939 recolligendos
722 2869 950 2924 adolescentulos
960 2869 1121 2937 derelictos,
1131 2867 1166 2922 de
1177 2863 1315 2936 promotis
1328 2865 1365 2918 ad
1374 2865 1424 2936 pia

460 2947 522 3001 loca
536 2948 809 3018 peregrinationibus
821 2949 914 3020 deque
930 2948 1039 3018 optime
1055 2946 1195 3016 susceptis
1209 2945 1332 3000 Romam
1347 2960 1426 3014 pere·

459 3027 604 3094 grinantes
622 3043 681 3099 259.
695 3059 731 3069 -
743 3029 816 3097 Quae
829 3029 926 3083 omnia
938 3045 1025 3098 opera
1038 3027 1191 3082 laudantur
1203 3023 1365 3079 auctoritati
1377 3041 1424 3078 ec·

459 3106 626 3164 clesiasticae
639 3109 693 3164 rite
709 3107 852 3164 submissa
869 3119 929 3176 259.
942 3137 979 3148 -
993 3109 1026 3161 ln
1039 3106 1084 3162 his
1097 3103 1268 3178 praestandis
1280 3118 1425 3157 commen·

458 3183 542 3240 datur
554 3187 670 3256 spiritus
683 3187 815 3244 fratemae
828 3186 989 3242 dilectionis
1003 3186 1062 3242 260.
1084 3215 1119 3226 -
1144 3184 1201 3238 Hic
1213 3183 1291 3238 enim
1309 3181 1425 3252 spiritus

459 3265 583 3333 suggerit
611 3275 640 3320 ut
661 3276 788 3321 mutuam
813 3281 899 3334 opem
918 3265 1040 3320 amicam
1066 3262 1103 3320 ad
1130 3277 1310 3319 communem
1338 3260 1424 3316 finem

456 3343 581 3412 juniores
601 3345 761 3401 senioribus
780 3345 938 3415 ptaesertim
956 3355 1101 3416 praestent,
1113 3345 1229 3412 insuper
1251 3354 1281 3396 ut
1296 3341 1425 3411 juniores

459 3421 545 3476 habili
564 3424 689 3493 palestra
707 3424 744 3479 ad
762 3421 881 3479 fortiora
898 3424 1063 3491 formentur,
1082 3424 1206 3478 virorum
1225 3418 1367 3488 societati,
1378 3421 1423 3490 ju·

458 3510 602 3556 ventutem
621 3502 737 3572 egressi,
756 3517 860 3556 nomen
879 3502 973 3557 daturi
1001 3504 1061 3558 260.
1076 3531 1110 3542 -
1129 3499 1322 3560 Concordiam
1337 3511 1424 3571 atque

458 3581 611 3635 fraternum
620 3584 799 3653 complexum
816 3581 918 3638 iterum
937 3583 1154 3651 commendans,
1166 3581 1313 3637 sodalibus
1327 3578 1423 3636 Ponti·

458 3661 502 3714 fex
516 3659 660 3716 benedicit
674 3661 735 3716 260.

419 3771 476 3821 60.
510 3767 718 3823 EPISTOLA
749 3773 792 3823 nd
822 3772 987 3824 «loannem
1019 3773 1204 3836 Baptistam
1236 3771 1424 3834 Pagautuzi

383 3859 557 3920 prasinam
588 3863 766 3913 comitatus
805 3863 965 3926 generalis
993 3861 1219 3924 permanentis
1256 3859 1422 3923 praepositi

382 3947 471 4007 operi
491 3953 720 3999 conventuum
742 3950 891 4000 virorum
915 3949 1155 4000 catholicorum
1180 3949 1216 3998 in
1242 3947 1349 4002 Italia.
1373 3945 1424 3996 De

295 4045 298 4050 ·
382 4034 535 4085 instituto
557 4041 785 4088 conventuum
807 4039 1045 4088 catholicorum
1068 4039 1103 4086 in
1122 4037 1231 4088 ltalia.
1252 4059 1284 4070 -
1305 4033 1326 4084 9
1347 4045 1424 4095 sep-

381 4123 636 4175 temurisitiai...
1441 4121 1496 4177 262

489 4230 620 4286 Pontifex
635 4231 747 4288 laetatur
758 4231 795 4288 de
814 4233 941 4303 proxime
959 4233 1092 4288 habendo
1104 4232 1244 4289 Vlcentiae
1263 4229 1418 4288 catholico-

452 4327 514 4364 rum
528 4323 668 4366 conventu
683 4314 779 4367 262-
790 4315 823 4367 Ιη
836 4313 919 4368 ltalia
928 4313 1086 4383 praesertim
1098 4313 1171 4368 tales
1184 4319 1340 4367 conventus
1355 4325 1419 4380 per·
