3354 4938
490 295 540 345 DE
557 294 796 346 CONDITIONE
815 296 1007 347 OPIFICUM.
1231 300 1298 371 197

193 469 310 534 labore
324 489 518 551 comparare
534 471 605 534 sine
620 472 816 553 cuiusquam
834 471 953 534 iniuria
969 471 1118 550 malunt;
1133 485 1300 538 verumta-
1364 490 1443 578 MqH
1497 491 1499 498 ¹

193 594 272 638 men
283 594 350 638 non
361 577 459 657 pauci
473 585 689 638 numerantur
700 576 809 662 pravis
820 575 939 639 imbuti
950 575 1163 657 opinionibus
1175 597 1299 640 rerum·
1370 588 1435 647 1891.

193 697 260 762 que
283 697 445 743 novarum
470 679 593 760 cupidi,
619 680 675 762 qui
702 681 736 743 id
760 691 865 762 agunt
879 681 973 743 omni
990 679 1117 744 ratione
1133 690 1170 744 ut
1185 682 1300 744 turbas
1327 701 1480 758 attonsurae

192 793 414 860 moveantar:
430 795 559 846 ceteros
574 785 617 846 ad
633 786 702 848 vim
719 783 901 866 impellant
924 783 1059 848 Intersit
1075 785 1176 866 igitur
1191 785 1298 864 reipu·
1325 766 1471 872 ‘ffifff

191 889 301 954 blicac
327 890 518 968 auctoritas,
539 890 728 974 iniectoque
751 890 1012 955 concitatoribus
1028 889 1132 969 freno,
1147 893 1191 956 ab
1206 889 1299 973 opifi·
1322 884 1419 988 1252ng
1420 889 1481 989 ,0¹⁶²

191 1012 270 1056 cum
287 993 434 1057 moribus
449 995 667 1076 corruptrices
684 1005 782 1072 artes,
798 1015 816 1057 a
833 993 991 1076 legitimis
1010 994 1156 1059 dominis
1172 994 1299 1077 pericu·
1327 1015 1364 1047 m
1380 1011 1478 1062 perver-

192 1097 263 1160 lum
280 1097 471 1178 rapinarum
487 1107 651 1162 coerceat.
1326 1075 1376 1114 ³⁰⁸

237 1199 445 1282 Loginquior
474 1199 526 1263 vel
556 1202 726 1282 operosior
755 1201 858 1275 labor,
881 1212 983 1283 atque
1012 1201 1164 1284 opinatio
1187 1211 1300 1265 curtae
1340 1227 1479 1296 mmm.

192 1303 355 1367 mercedis
385 1311 537 1366 caussam
568 1322 635 1366 non
667 1323 743 1366 raro
766 1304 850 1367 dant
873 1303 1055 1368 artificibus
1081 1304 1299 1387 quamobrem
1326 1299 1478 1410 ξζζὲαῇζζ

191 1425 294 1488 opere
317 1427 353 1468 se
368 1406 501 1470 solvant
523 1425 569 1468 ex
589 1407 787 1490 composito,
802 1408 938 1490 otioque
960 1410 1088 1471 dedant
1104 1407 1302 1472 voluntario.
1327 1411 1479 1520 fficiam.

192 1509 255 1575 Cui
271 1510 407 1592 quidem
419 1509 636 1574 incommodo
651 1512 775 1576 usitato
787 1521 821 1575 et
836 1513 930 1594 gravi
943 1513 1146 1576 medendum
1160 1511 1301 1594 publice,
1327 1529 1444 1578 commodo
1465 1589 1470 1600 1

190 1616 270 1698 quia
299 1635 405 1696 genus
436 1614 525 1677 istud
549 1616 746 1680 cessationis
769 1635 837 1679 uon
864 1615 963 1680 heros
985 1617 1176 1692 dumtaxat,
1198 1625 1301 1698 atque
1327 1595 1479 1710 ,52⁵⁵ssssss

191 1717 329 1801 opifices
355 1718 446 1799 ipsos
475 1717 576 1782 afficit
599 1718 738 1795 damno,
762 1719 820 1783 sed
848 1719 1043 1783 mercaturis
1067 1719 1164 1783 obest
1187 1718 1300 1800 reique
1322 1711 1481 1829 {mmm

191 1822 346 1906 publicae
362 1821 582 1884 utilitatibus:
598 1841 743 1903 cumque
759 1822 849 1889 haud
865 1823 980 1904 procul
997 1843 1070 1886 esse
1085 1843 1105 1888 a
1128 1823 1159 1886 vi
1180 1822 1300 1887 turbis·
1327 1835 1394 1898 orere,
1434 1830 1478 1876 101·

191 1945 258 2010 que
272 1925 389 2001 soleat,
399 1944 641 2007 saepenumero
658 1927 934 2008 tranquillitatem
951 1927 1120 2010 publicam
1137 1927 1171 1990 in
1187 1923 1300 1990 discri·
1327 1888 1460 2016 iiiiiiiie'a

193 2048 270 2092 men
303 2029 447 2093 adducit
472 2025 549 2111 Qua
572 2029 605 2090 in
638 2049 673 2091 re
695 2028 777 2094 illud
802 2031 909 2112 magis
939 2029 1059 2094 efficax
1090 2050 1129 2094 ac
1159 2029 1300 2108 salubre,
1321 2013 1429 2066 pam*

192 2145 400 2199 antevertere
429 2134 628 2210 auctoritate
667 2133 789 2217 legum,
820 2134 1012 2218 malumque
1050 2155 1092 2198 ne
1125 2153 1299 2216 erumpere

190 2239 298 2323 possit
313 2236 498 2320 prohibere,
513 2237 635 2301 amotis
658 2248 787 2302 mature
810 2239 948 2318 caussis,
972 2241 1061 2302 unde
1083 2237 1295 2302 dominorum

191 2353 292 2426 atque
307 2341 534 2423 operariorum
550 2341 724 2407 conflictus
740 2343 893 2408 videatur
908 2345 1084 2407 extiturus.

236 2443 413 2527 Similique
429 2445 531 2509 modo
542 2446 639 2526 plura
655 2446 784 2511 suntin
799 2445 928 2529 opifice,
937 2445 1105 2527 praesidio
1117 2443 1297 2509 munienda
1339 2463 1364 2524 s)
1375 2467 1474 2527 Adopr.

192 2546 408 2629 reipublicae:
423 2565 462 2609 ac
478 2551 623 2628 primum
640 2549 743 2612 animi
761 2549 857 2614 bona.
871 2547 1046 2632 Siquidem
1062 2550 1132 2614 vita
1148 2546 1297 2611 mortalis
1323 2525 1392 2631 {ffi'
1412 2541 1474 2644 1¹3]

191 2649 419 2734 quamtumvis
435 2649 525 2713 bona
540 2662 573 2715 et
588 2651 756 2733 optabilis,
766 2673 833 2716 non
847 2653 919 2735 ipsa
934 2663 1048 2718 tamen
1058 2652 1139 2717 illud
1156 2664 1206 2715 est
1223 2650 1297 2714 ulti·
1322 2645 1445 2699 mendum,

192 2774 295 2830 mum,
318 2755 360 2816 ad
388 2754 478 2836 quod
506 2753 576 2817 nati
601 2775 739 2835 sumus;
773 2757 832 2820 sed
854 2758 910 2820 via
936 2757 1173 2822 tantummodo
1196 2766 1297 2837 atque
1351 2805 1473 2874 alinprt-

190 2859 450 2922 instrumentum
479 2859 523 2922 ad
538 2859 642 2922 animi
663 2859 768 2924 vitam
789 2860 1024 2942 perspicientia
1050 2861 1118 2925 veri
1134 2871 1168 2923 et
1183 2877 1296 2922 amore
1322 2863 1473 2969 gff‘Wt

189 2961 270 3027 boni
286 2961 533 3041 complendam.
548 2962 696 3026 Animus
712 2974 772 3040 est,
795 2963 851 3044 qui
869 2983 1061 3046 expressam
1079 2965 1164 3046 gerit
1180 2963 1297 3042 imagi·
1322 2937 1473 3036 aiiii?

191 3086 268 3132 nem
285 3065 606 3148 similitudinemque
632 3066 791 3143 divinam,
814 3067 898 3129 etin
919 3086 987 3148 quo
1012 3067 1218 3149 principatus
1242 3065 1297 3128 ille

190 3169 323 3245 residet,
350 3189 409 3251 per
432 3187 533 3251 quem
557 3168 723 3232 dominari
739 3169 848 3233 iussus
874 3179 925 3233 est
948 3169 1051 3233 homo
1066 3170 1100 3232 in
1126 3168 1297 3233 inferiores

190 3279 336 3349 naturas,
352 3280 453 3354 atque
473 3269 602 3334 efficere
627 3270 763 3335 utilitati
780 3292 860 3336 suae
884 3282 988 3336 terras
1003 3291 1120 3335 omnes
1144 3280 1177 3336 et
1194 3271 1297 3336 maria

189 3375 350 3458 parentia
366 3375 495 3456 Repete
509 3384 634 3438 terram
656 3384 687 3437 et
701 3374 849 3440 subiicite
858 3397 930 3439 eam
941 3397 953 3438 .·
967 3385 999 3438 ei
1016 3374 1297 3456 dorrrinaminipi·
1323 3343 1475 3461 ᾳίἷὲηῗέχῖ

189 3477 296 3542 scibus
307 3479 412 3542 mans
420 3488 452 3541 et
462 3478 649 3548 volatilibus
663 3479 743 3542 caeli
751 3489 783 3542 ct
796 3479 960 3542 universis
968 3478 1203 3557 animantibus,
1218 3499 1301 3560 quae
1325 3460 1430 3506 'mm

1325 3519 1425 3564 naturis
1438 3520 1476 3564 do-

191 3589 363 3647 moventur
385 3593 482 3664 super
504 3591 626 3646 terram
642 3581 690 3664 (¹).
718 3581 804 3647 Sunt
832 3601 950 3646 omnes
965 3582 1119 3648 homines
1135 3583 1197 3646 hac
1214 3583 1247 3645 in
1265 3601 1299 3644 re
1325 3578 1477 3684 Yam}

191 3705 299 3769 pares,
325 3704 386 3748 nec
409 3686 582 3768 quippiam
599 3697 649 3750 est
676 3686 768 3769 quod
795 3685 882 3749 inter
896 3687 1019 3750 divites
1043 3697 1145 3768 atque
1173 3687 1299 3768 inopes,
1326 3672 1478 3756 tiamm-

191 3789 279 3852 inter
292 3788 448 3853 dominos
463 3800 497 3852 et
512 3787 664 3866 famulos,
688 3789 774 3852 inter
789 3789 956 3871 principes
972 3790 1188 3872 privatosque
1204 3786 1298 3851 diffe·
1327 3761 1436 3809 '‘³⁵²⁸‘'

191 3904 258 3958 rat:
274 3913 352 3956 nam
379 3892 464 3957 rilem
486 3891 639 3957 dominus
660 3893 808 3956 orrrnium
825 3893 877 3974 (2).
898 3893 1036 3957 Nemini
1052 3892 1130 3956 licet
1155 3890 1303 3955 hominis

191 3997 623 4080 dignitatern,dequaDeus
635 3997 707 4080 ipse
719 3995 869 4078 disponit
881 4015 1089 4078 caramagna
1109 3995 1302 4072 reverentia,

192 4101 333 4185 ¹impune
348 4100 481 4178 violare,
504 4120 612 4184 neque
635 4103 677 4164 ad
695 4120 768 4163 eam
786 4099 1024 4181 perlectionem
1051 4099 1215 4182 impedire
1231 4119 1305 4164 cur·

227 4345 245 4378 1.
262 4331 329 4386 Geta,
343 4342 361 4387 1,
374 4333 410 4380 28.
419 4356 449 4366 -
459 4346 480 4379 a.
493 4333 571 4386 Rom..
585 4347 607 4386 x.
624 4347 658 4380 12.
