3354 4938
459 322 510 372 us
528 321 767 372 couurrroua
786 320 978 372 orrrrcuu.
1210 291 1277 384 185

166 487 836 570 communitatisaccommodate;indiget
846 487 935 550 enim
947 486 1037 550 varia
1047 485 1089 548 ad
1101 504 1152 547 res
1162 502 1279 564 geren·
1340 500 1420 588 ΜΞΝ

167 595 231 661 das
246 593 406 658 facultate
420 593 625 676 diversisque
636 591 828 656 muneribus
840 591 909 656 vita
925 588 1128 666 communis;
1138 587 1181 650 ad
1192 605 1278 669 quae
1348 597 1413 656 1891.

167 697 340 781 iungenda
351 717 491 762 munera
502 697 714 779 potissimum
731 695 948 778 impelluntur
959 695 1112 759 homines
1123 690 1277 756 differen-

167 803 216 868 tia
231 803 277 866 rei
293 803 453 885 cuiusque
469 801 651 874 familiaris,
661 838 705 850 -
721 801 767 865 Et
783 801 825 864 ad
843 800 989 881 corporis
1013 797 1160 862 laborem
1186 794 1276 879 quod
1303 789 1330 850 b)
1352 791 1456 862 ‘⁰4⁰4‘

1305 851 1415 902 laborem,
1427 867 1456 896 an

166 906 299 982 attinet,
311 906 343 968 in
354 906 429 989 ipso
439 915 529 969 statu
545 905 743 968 innocentiae
759 923 825 968 non
839 903 926 966 iners
936 903 1075 966 omnino
1091 909 1162 964 erat
1174 900 1277 962 homo
1302 911 1456 1016 {fflfoeim'ssj

165 1010 312 1075 iuturus:
336 1021 371 1074 at
386 1029 464 1073 vero
492 1011 582 1092 quod
605 1011 648 1072 ad
672 1009 774 1072 animi
798 1007 1056 1072 delectationem
1080 1015 1160 1069 tunc
1176 1003 1277 1067 libere
1304 1043 1417 1082 mm„

166 1115 352 1196 optavisset
368 1115 532 1192 voluntas,
547 1115 637 1178 idern
653 1122 771 1196 postea
787 1115 819 1176 in
833 1110 1155 1194 expiationeculpae
1167 1108 1278 1172 subire
1298 1092 1456 1194 &wila

166 1237 235 1282 non
252 1218 325 1282 sine
337 1219 509 1284 molestiae
521 1239 620 1282 sensu
631 1219 743 1300 coegit
754 1217 942 1280 necessitas.
952 1213 1134 1278 Maledicta
1143 1221 1232 1276 terra
1243 1212 1277 1274 in
1303 1209 1398 1259 duum:

168 1333 257 1404 opere
287 1332 360 1386 tuo:
382 1324 418 1386 in
439 1323 604 1388 laboribus
634 1321 773 1386 comedes
793 1343 835 1384 ex
854 1341 892 1384 ea
914 1319 1035 1382 cunctis
1056 1317 1169 1380 daubus
1191 1317 1278 1380 nitas

173 1435 249 1490 tuae
263 1425 311 1507 (¹).
326 1463 370 1474 -
385 1425 562 1508 Similique
578 1427 680 1491 modo
696 1425 770 1488 finis
786 1424 1006 1488 acerbitatum
1025 1422 1226 1504 reliquarum
1242 1420 1277 1481 in
1303 1418 1325 1476 cl
1345 1418 1454 1477 reliquas

170 1529 266 1592 terris
282 1527 393 1592 nullus
405 1528 604 1606 estfuturus,
614 1530 693 1612 quia
710 1526 798 1591 mala
814 1528 943 1610 peccati
959 1524 1165 1588 consectaria
1181 1541 1277 1603 aspe-
1302 1479 1453 1596 {filiiflii

169 1652 205 1697 ra
214 1632 258 1695 ad
270 1633 482 1697 tolerandum
493 1643 579 1712 sunt,
590 1633 965 1715 dura,difficilia:eaque
977 1631 1106 1695 homini
1119 1648 1223 1711 usque
1234 1626 1277 1689 ad
1299 1602 1455 1716 ssffflffsa

168 1737 325 1800 ultimum
352 1737 441 1801 vitae
467 1739 619 1802 comitari
643 1750 694 1802 est
718 1758 859 1800 necesse.
879 1738 998 1819 Itaque
1013 1735 1083 1819 pati
1099 1743 1133 1798 et
1149 1732 1278 1816 perpeti
1295 1715 1454 1820 ξῇξᾭπῐ

167 1839 355 1902 humanum
372 1849 431 1917 est,
447 1849 480 1902 et
496 1848 533 1904 ut
544 1840 697 1904 homines
721 1841 938 1922 experiantur
954 1859 993 1902 ac
1009 1847 1141 1902 tentent
1156 1835 1280 1914 omnia,
1303 1841 1455 1938 ἕψω·

168 1943 359 2007 istiusmodi
372 1942 587 2006 incommoda
599 1941 755 2007 invellere
768 1944 811 2007 ab
820 1943 969 2006 humano
979 1942 1133 2004 convictu
1147 1939 1280 2022 penitus
1334 1929 1340 1945 '

169 2045 263 2110 nulla
272 2047 314 2122 vi,
325 2045 416 2109 nulla
428 2057 499 2109 arte
509 2058 676 2129 poterunt.
686 2047 721 2112 Si
735 2049 792 2130 qui
806 2048 838 2112 id
850 2069 886 2111 se
901 2044 1122 2129 profiteantur
1132 2063 1239 2125 posse,
1250 2043 1279 2104 si

169 2151 311 2214 miserae
335 2150 424 2232 plebi
451 2151 555 2215 vitam
583 2151 802 2234 polliceantur
817 2154 910 2216 omni
927 2151 1042 2215 dolore
1059 2151 1279 2234 molestiaque

169 2265 357 2332 vacantem,
373 2265 406 2318 et
423 2255 577 2319 relertam
593 2257 706 2337 quiete
721 2276 761 2318 ac
776 2255 946 2338 perpetuis
962 2255 1201 2336 voluptatibus,
1217 2274 1279 2317 nae

167 2357 214 2420 illi
227 2356 355 2440 populo
370 2357 556 2440 imponunt,
567 2358 785 2441 fraudemque
797 2368 939 2437 struunt,
951 2359 984 2421 in
998 2357 1087 2422 mala
1097 2357 1279 2441 aliquando

168 2471 363 2545 erupturam
381 2462 508 2525 maiora
521 2463 762 2543 praesentibus.
783 2462 960 2546 Optimum
982 2463 1072 2526 lactu
1086 2483 1137 2526 res
1160 2463 1280 2525 huma-

169 2584 240 2644 nas,
264 2574 302 2629 ut
326 2585 362 2629 se
373 2564 507 2643 habent,
532 2567 579 2629 ita
604 2568 764 2645 contueri,
785 2567 952 2652 simulque
976 2567 1204 2650 opportunum
1229 2567 1278 2630 in·

167 2670 358 2736 commodis
374 2668 611 2748 levamentum,
632 2671 680 2733 uti
697 2671 857 2749 diximus,
873 2671 1009 2736 aliunde
1025 2680 1146 2754 petere.

213 2773 277 2836 Est
294 2772 376 2836 illud
392 2774 424 2835 in
440 2792 570 2851 caussa,
585 2775 627 2836 de
642 2794 709 2856 qua
725 2776 878 2853 dicimus,
893 2777 1038 2860 capitale
1055 2775 1190 2852 malum,
1205 2771 1277 2856 opi·
1318 2782 1344 2840 dl
1363 2787 1454 2832 natm

167 2877 270 2941 nione
286 2875 410 2958 lingere
426 2875 568 2940 alterum
593 2877 746 2941 ordinem
770 2898 831 2942 sua
854 2890 975 2962 sponte
991 2881 1156 2944 insensum
1173 2878 1278 2956 alteri,
1303 2849 1441 2973 primae.

169 2981 265 3063 quasi
278 2978 463 3062 locupletes
474 2991 509 3045 et
520 2981 718 3062 proletarios
731 2981 774 3044 ad
788 2982 1045 3064 digladiandum
1058 2984 1145 3046 inter
1156 3003 1192 3044 se
1204 3003 1276 3064 per·
1301 2969 1439 3020 ‘mm

1303 3036 1350 3066 non
1369 3021 1405 3065 ad
1416 3022 1454 3066 di·

169 3083 272 3145 tinaci
288 3081 402 3147 duello
418 3094 536 3146 natura
552 3086 804 3166 comparaverit.
821 3083 921 3168 Quod
938 3085 1024 3149 adeo
1039 3105 1059 3149 a
1076 3086 1204 3149 ratione
1220 3086 1277 3149 ab·
1299 3081 1456 3185 gfff&

167 3186 281 3251 horret
296 3196 331 3251 et
346 3207 367 3250 a
382 3189 530 3264 veritate,
546 3198 582 3253 ut
607 3197 724 3252 contra
750 3189 958 3252 verissimum
975 3189 1018 3252 sit
1041 3210 1108 3272 quo
1124 3189 1227 3253 modo
1243 3191 1275 3253 in
1302 3213 1331 3251 se.
1360 3200 1399 3244 sed
1413 3200 1458 3268 ‚ad

168 3311 309 3373 corpore
333 3292 464 3356 diversa
490 3293 576 3355 inter
602 3313 637 3355 se
663 3293 813 3356 membra
842 3293 1055 3372 conveniunt,
1082 3295 1170 3357 unde
1195 3293 1277 3357 illud
1302 3259 1441 3376 iiiim-

170 3395 289 3459 existit
315 3404 617 3479 temperamentum
659 3396 876 3475 habitudinis,
905 3416 1007 3479 quam
1045 3400 1276 3479 symmetriam
1303 3377 1368 3422 dum·

170 3507 260 3560 recte
270 3498 406 3577 dixeris,
418 3499 536 3563 eodem
550 3501 652 3564 modo
664 3511 817 3564 naturam
829 3501 862 3564 in
874 3502 1008 3565 civitate
1018 3503 1226 3585 praecepisse
1242 3512 1282 3589 ut

170 3603 327 3683 geminae
338 3604 414 3667 illae
424 3604 546 3668 classes
563 3615 749 3687 congruant
765 3605 851 3668 inter
866 3625 901 3668 se
916 3606 1135 3683 concorditer,
1150 3606 1279 3689 sibique

172 3708 412 3773 convenienter
421 3710 464 3774 ad
475 3708 756 3792 aequilibritatem
767 3711 1002 3791 respondeant.
1015 3710 1165 3776 Omnino
1175 3710 1279 3773 altera

172 3810 309 3874 alterius
322 3811 451 3894 indiget
465 3832 549 3877 :nun
571 3831 621 3874 res
634 3811 706 3875 sine
726 3832 837 3894 opera,
850 3832 911 3876 nec
929 3814 1001 3876 sine
1012 3833 1046 3876 re
1055 3822 1167 3894 potest
1177 3831 1279 3894 opera

169 3916 364 3979 consistere.
374 3915 563 3980 Concordia
580 3917 689 3998 gignit
702 3916 961 3997 pulcritudinem
982 3935 1089 3979 rerum
1111 3924 1212 3999 atque
1227 3935 1278 3978 or·

170 4018 286 4082 dinem
301 4042 309 4082 :
324 4028 443 4084 contra
469 4039 514 4082 ex
538 4019 762 4101 perpetuitate
787 4019 978 4083 certaminis
1003 4019 1129 4082 oriatur
1145 4038 1279 4084 necesse

170 4129 224 4186 est
236 4141 312 4186 cum
324 4123 446 4205 agresti
469 4122 679 4187 immanitate
691 4122 851 4188 confusio.
865 4123 964 4188 Nunc
977 4143 1055 4187 vero
1065 4123 1109 4186 ad
1122 4124 1279 4188 dirimen-

201 4377 222 4410 1.
239 4361 358 4414 Gen„1n.
373 4375 408 4419 17.
