3362 4944
424 325 492 394 118
608 344 795 394 urrunnu
812 333 830 358 ‘¹
851 343 987 394 novum
1006 341 1278 394 ARGUMENTUM
1298 375 1317 402 ‚,

416 517 555 582 virtutes
572 519 762 597 imitandas,
789 539 875 602 quae
899 519 934 583 in
965 517 1081 583 divino
1101 516 1267 599 Magistro
1291 534 1331 577 ac
1363 512 1523 592 Delpara,

415 622 553 704 eiusque
570 622 705 705 Sponso
720 623 932 687 sanctissimo
948 622 1121 687 fulserunt.
1140 621 1217 686 Hae
1232 629 1345 684 autem
1371 617 1524 688 virtutes,

415 737 529 791 utnon
546 727 649 790 semel
660 728 861 805 monuimus,
870 728 953 792 dum
965 737 1122 791 aeternae
1137 727 1227 790 vitae
1243 722 1432 788 mercedem
1459 734 1520 800 pa·

414 829 555 907 riunt,ad
572 832 829 914 prosperitatem
846 831 947 896 etiam
964 831 1169 896 domesticae
1181 839 1216 894 et
1227 827 1333 894 civilIs
1349 819 1521 889 societatis

381 956 386 966 ·
413 943 483 998 tam
500 934 619 998 misere
634 935 698 999 hoc
714 946 866 1018 tempore
878 934 1062 1000 laborantis
1078 943 1232 1017 spectant
1248 954 1255 1011 ;
1285 950 1362 995 cum
1393 949 1438 991 ex
1469 923 1519 987 fa·

414 1038 513 1101 miliis
534 1048 648 1102 sancte
674 1039 1025 1115 constitutis‚civitatis
1056 1039 1157 1103 etiarn
1185 1055 1365 1102 commune
1380 1035 1518 1103 bonum,

412 1143 506 1206 cuius
529 1143 655 1207 familia
678 1142 935 1208 fundamentum
947 1153 1012 1223 est,
1030 1143 1217 1208 necessario
1229 1144 1461 1221 consequatur.
1475 1163 1516 1178 -

413 1245 524 1310 Maius
539 1265 618 1310 vero
634 1245 756 1311 fiducia
773 1247 899 1311 Nostra
912 1247 1156 1311 incrementum
1172 1245 1263 1330 capit
1278 1245 1360 1308 dum
1387 1237 1515 1321 cogita·

411 1367 495 1425 mus,
507 1349 630 1415 Sacrae
643 1349 805 1413 Familiae
822 1351 966 1414 cultores
993 1370 1038 1414 ex
1055 1350 1209 1414 instituto
1226 1345 1395 1413 societatis
1412 1357 1514 1425 quam

409 1451 569 1531 diximus,
584 1473 604 1516 a
620 1451 754 1518 Christo
767 1453 917 1518 Domino
933 1454 1076 1536 gratiam
1093 1473 1153 1536 per
1170 1453 1290 1518 merita
1306 1447 1426 1514 Matris
1437 1443 1514 1508 Vir-

406 1557 495 1639 ginis
510 1567 546 1622 et
572 1557 605 1622 S.
625 1557 758 1642 Iosephi
775 1557 892 1621 sedulo
909 1557 1140 1640 efflagitantes,
1167 1557 1348 1640 propitiam
1375 1549 1513 1616 indubie

408 1679 508 1742 opem
524 1670 732 1742 experturos,
747 1671 784 1726 ut
799 1661 903 1726 vitam
920 1671 1037 1726 sancte
1045 1671 1262 1746 componant,
1277 1670 1379 1742 atque
1403 1655 1452 1719 uti
1477 1653 1511 1717 in

407 1763 564 1846 dpmibus
580 1765 648 1828 suis
659 1765 1069 1842 concordiamcaritatem,
1084 1767 1118 1829 in
1134 1766 1282 1829 adversis
1298 1759 1511 1827 tolerantiam

254 1927 384 1988 masam
408 1886 607 1949 morumque
637 1868 848 1932 honestatem
873 1868 1037 1932 laetentur
1053 1867 1267 1933 efflorescere.
1283 1899 1325 1912 -·
1341 1865 1433 1928 Vota
1451 1861 1516 1944 igi·

234 1989 262 2030 ur
271 1987 384 2056 exunuq-
408 1981 462 2035 tur
476 1971 519 2036 ad
533 1971 644 2035 Deum
658 1969 870 2050 effundimus,
881 1982 918 2035 ut
934 1991 1113 2055 germanus
1125 1981 1331 2036 memoratae
1342 1964 1511 2033 societatis

224 2049 381 2163 ffmff'ms'
407 2072 542 2154 spiritus
559 2075 591 2137 in
607 2074 680 2138 dies
690 2073 789 2139 latius
802 2076 888 2140 inter
904 2073 1018 2139 fideles
1034 2085 1169 2139 emanet
1192 2094 1232 2138 ac
1262 2073 1383 2156 vigeat,
1410 2079 1510 2153 atque

232 2177 277 2267 ζ’
294 2165 384 2284 ms
409 2175 440 2239 in
458 2176 545 2240 hanc
561 2197 631 2242 reru
647 2197 784 2260 operam
806 2197 902 2242 suam
919 2177 1099 2241 collaturos
1121 2185 1379 2242 tumsacrorum
1410 2170 1510 2236 Anti·

232 2294 327 2386 {w
352 2289 383 2330 te·
408 2280 512 2358 stites,
527 2291 599 2344 tum
615 2301 732 2346 omnes
750 2281 921 2345 Ecclesiae
931 2280 1146 2345 administros
1162 2299 1230 2344 non
1253 2277 1457 2342 dubitamus.
1470 2274 1508 2336 In

313 2375 320 2389 ’
409 2383 577 2447 mandatis
607 2393 720 2448 autem
751 2385 905 2449 dedimus
936 2382 1087 2448 Consilio
1113 2382 1240 2447 Nostro
1264 2381 1366 2445 sacris
1392 2377 1510 2442 ritibus

408 2488 609 2569 praeposito,
619 2498 656 2552 ut
671 2488 788 2552 orandi
799 2487 977 2553 formulam
989 2487 1032 2550 ad
1049 2496 1083 2551 te
1094 2487 1216 2564 mittat,
1223 2504 1327 2570 quam
1340 2481 1457 2549 confici
1473 2489 1509 2546 et

407 2589 462 2652 edi
472 2591 660 2654 curavimus
675 2591 709 2653 in
720 2610 817 2655 usum
842 2590 1002 2670 fidelium,
1016 2593 1059 2656 ad
1075 2591 1196 2655 domos
1211 2609 1289 2654 suas
1305 2589 1428 2655 Sacrae
1444 2585 1508 2650 Fa·

407 2692 519 2756 miliae
543 2694 794 2771 consecrandas,
818 2703 890 2758 tum
932 2695 1034 2758 etiam
1063 2694 1281 2777 quotidianae
1308 2686 1509 2775 precationis

406 2797 581 2878 exemplar
596 2817 616 2859 a
632 2795 785 2862 fidelibus
800 2799 835 2860 in
849 2796 972 2863 Sacrae
985 2797 1147 2862 Familiae
1159 2797 1373 2863 veneratione
1384 2791 1508 2878 persol-

406 2900 545 2965 vendae.
559 2937 603 2950 -
613 2899 690 2966 Tuo
699 2901 835 2965 demum
849 2902 882 2965 in
897 2901 969 2966 Nos
981 2901 1153 2984 obsequio,
1169 2901 1291 2966 dilecte
1311 2898 1357 2964 fili
1374 2899 1508 2972 Noster,

405 3023 521 3086 parem
545 3003 735 3068 dilectionis
759 3002 917 3068 affectum
939 3005 1081 3069 libenter
1110 3003 1316 3088 profitemur,
1339 3004 1423 3068 etin
1450 3018 1508 3065 au·

405 3106 546 3188 spicium
562 3107 755 3172 caelestium
773 3125 959 3184 munerum,
985 3107 1219 3190 Apostolicam
1241 3106 1508 3173 benedictionem

403 3209 475 3288 tibi,
489 3220 524 3274 et
538 3210 627 3275 clero
647 3230 686 3274 ac
707 3208 868 3288 fidelibus,
895 3213 1015 3295 quibus
1043 3211 1222 3294 praesides,
1242 3220 1457 3294 peramanter
1471 3208 1505 3272 in

404 3313 554 3378 Domino
564 3314 784 3397 impertimus.

446 3415 574 3478 Datum
600 3416 731 3481 Rornae
755 3419 845 3500 apud
861 3418 896 3484 S.
913 3419 1048 3483 Petrum
1065 3419 1120 3483 die
1137 3433 1180 3484 20
1193 3416 1396 3484 Novembris
1416 3418 1511 3496 1890,

403 3518 620 3583 Pontificatus
630 3521 746 3586 Nostri
763 3542 852 3587 anno
867 3523 1000 3588 decimo
1016 3525 1125 3588 tertio.

1131 3715 1226 3784 LEO
1242 3717 1305 3782 ΡΡ.
1318 3716 1421 3781 XIII.
