3362 4944
408 277 475 344 114
580 275 760 326 uursronn
781 261 801 290 “
820 271 1061 324 cnrrrocrcnn
1081 269 1285 322 ecciesiae
1304 303 1325 332 ,‚

402 451 515 516 animo
527 451 696 516 Lutetiam
709 449 1084 528 convenere‚maniiesto
1097 449 1304 533 portendunt
1320 456 1415 511 tanta
1429 448 1461 510 vi
1475 457 1509 510 et

402 555 591 619 constantia
607 555 638 618 N
642 555 814 638 igritarum
830 573 984 619 caussam
1002 552 1179 618 defensum
1197 552 1246 629 iri,
1262 561 1388 636 quanta
1403 560 1454 615 est
1467 569 1508 614 ea

401 680 468 743 qua
483 669 681 744 premuntur
697 678 932 726 aerumnarum
957 658 1073 724 moles.
1091 656 1204 740 Quare
1220 656 1369 721 oblatam
1388 657 1507 719 iterum

400 762 610 827 occasionem
623 762 780 827 nolumus
794 762 960 840 omittere,
975 771 1012 826 ut
1040 761 1178 826 meritas
1193 778 1334 843 agamus
1347 758 1463 822 laudes
1474 767 1509 823 et

399 865 524 946 gratias
559 866 716 949 Europae
750 866 959 949 Principibus
983 866 1169 949 ceterisque
1192 865 1302 929 bonae
1323 862 1511 927 voluntatis

398 966 601 1046 horninibus,
637 978 739 1053 atque
762 991 782 1034 a
805 989 938 1034 summo
962 968 1038 1034 Deo
1061 986 1237 1052 precamur
1260 967 1370 1044 enixe,
1393 975 1430 1031 ut
1452 985 1510 1029 eo-

399 1091 473 1136 rum
498 1073 645 1138 consiliis
672 1081 706 1138 et
732 1074 816 1137 orsis
850 1072 936 1138 tanti
966 1071 1076 1155 operis
1090 1081 1283 1156 'prosperos
1314 1070 1394 1134 dare
1427 1069 1508 1134 velit

399 1184 548 1240 eventus.

220 1343 245 1389 P
267 1285 374 1389 (gratur
442 1277 492 1342 At
507 1299 586 1344 vero
601 1290 733 1363 praeter
748 1281 895 1347 tuendae
928 1278 1092 1345 libertatis
1126 1298 1250 1356 curam,
1277 1277 1410 1361 gravior
1440 1275 1506 1341 alia

220 1344 374 1463 aaziae
399 1383 544 1463 pressius
559 1384 698 1468 attingit
712 1383 952 1467 Apostolicum
983 1383 1206 1449 ministerium
1224 1383 1397 1460 Nostrum,
1413 1383 1504 1465 quod

220 1462 376 1592 mm
400 1483 473 1550 Nos
502 1507 617 1552 curare
642 1488 743 1567 iubet,
770 1489 865 1553 utin
901 1487 1039 1552 Africae
1067 1487 1261 1570 regionibus
1301 1494 1517 1568 propagetur-

216 1581 373 1694 aym
400 1589 575 1674 Evangelii
590 1593 752 1672 doctrina,
767 1613 854 1676 quae
879 1592 1011 1657 illarum
1030 1592 1158 1656 incolas
1190 1592 1346 1656 sedentes
1362 1589 1396 1652 in
1412 1599 1503 1654 tene-

219 1713 268 1768 Μ,
291 1700 373 1769 agar-
399 1694 474 1773 bris,
489 1714 509 1758 a
531 1715 631 1760 caeca
646 1697 883 1781 superstitione
898 1694 1024 1774 offusis,
1040 1693 1185 1760 illustret
1202 1694 1337 1758 divinae
1353 1692 1503 1758 veritatis

220 1763 280 1864 522⁵.
295 1771 373 1819 ψ’
397 1795 479 1873 luce,
494 1818 554 1881 per
584 1818 684 1882 quam
701 1800 874 1865 nobiscum
897 1799 980 1864 fiant
995 1798 1176 1883 participes
1192 1796 1388 1862 hereditatis
1409 1797 1503 1879 regni

397 1900 470 1967 Dei.
488 1903 529 1966 Id
544 1913 657 1968 autem
670 1924 712 1968 eo
723 1924 877 1968 curamus
894 1903 1038 1982 enixius
1060 1903 1153 1986 quod
1186 1902 1243 1980 illi,
1273 1899 1337 1965 hac
1364 1901 1437 1964 luce
1453 1921 1502 1965 re-

394 2015 500 2088 cepta,
514 2007 617 2070 etiam
633 2007 800 2072 humanae
812 2007 982 2072 servitutis
994 2007 1038 2070 ab
1054 2008 1219 2089 seiugum
1231 2005 1413 2070 excutient
1431 2005 1499 2072 Ubi

394 2108 484 2173 enirn
500 2107 671 2174 christiani
682 2129 791 2174 mores
801 2108 959 2193 legesque
976 2109 1102 2190 vigent,
1115 2109 1173 2173 ubi
1197 2107 1315 2190 religio
1330 2108 1377 2171 sic
1392 2107 1498 2182 homi,-

394 2231 452 2276 nes
462 2213 654 2302 instituit,ut
664 2213 825 2276 iustitiam
835 2221 968 2277 servent
984 2213 1126 2295 atquein
1138 2211 1266 2276 honore
1274 2207 1423 2276 habeant
1437 2211 1500 2276 hu-

394 2335 529 2380 manam
545 2317 755 2399 dignitatem,
768 2317 824 2380 ubi
840 2316 908 2380 late
920 2315 1055 2399 spiritus
1072 2315 1223 2380 manavit
1239 2314 1405 2379 fraternae
1417 2315 1501 2378 cari·

392 2419 481 2496 tatis,
496 2438 598 2502 quarn
615 2418 767 2485 Christus
798 2440 860 2484 nos
890 2419 1014 2498 docuit,
1045 2420 1092 2485 ibi
1124 2439 1233 2502 neque
1265 2417 1415 2496 servitus,
1435 2437 1498 2483 nec

393 2521 515 2601 feritas,
531 2542 638 2605 neque
650 2523 804 2587 barbaria
827 2533 945 2589 extare
975 2533 1116 2606 potest;
1147 2525 1206 2588 sed
1238 2522 1334 2588 floret
1366 2542 1497 2586 morum

347 2680 352 2692 .
393 2627 548 2704 suavitas,
563 2635 597 2690 et
611 2626 700 2692 civili
716 2635 835 2692 ornata
850 2627 941 2692 cultu
957 2627 1140 2692 christiana
1166 2626 1310 2691 libertae.
1325 2658 1370 2670 -
1384 2625 1501 2690 Plures

219 2679 371 2787 ruffum
394 2729 460 2794 iam
476 2730 666 2812 Apostolici
679 2731 748 2809 viri,
760 2731 855 2814 quasi
868 2730 993 2797 Christi
1009 2732 1133 2797 milites
1157 2730 1369 2814 antesignani
1390 2730 1504 2795 adiere

219 2799 326 2858 operarii
336 2813 370 2845 rr·
456 2833 463 2848 .
560 2834 567 2848 .
644 2836 651 2849 .
679 2836 687 2850 .

219 2858 365 2918 perimatur,
394 2853 546 2917 regiones
558 2834 755 2918 rllas,rb1que
770 2835 813 2901 ad
829 2834 969 2901 fratrum
984 2834 1126 2902 salutern
1144 2855 1212 2900 non
1228 2835 1385 2900 sudorem
1399 2836 1501 2900 modo

395 2938 453 3002 sed
467 2939 572 3002 vitam
597 2938 705 3021 ipsam
730 2941 959 3022 profuderunt.
991 2939 1059 3004 Sed
1091 2939 1205 3003 messis
1234 2937 1365 3021 quidem
1387 2937 1505 3015 multa,

395 3041 538 3123 operan'r’
549 3051 658 3105 autem
665 3042 785 3125 pauci:
800 3063 902 3126 quare
917 3061 1003 3126 opus
1019 3049 1118 3120 estut
1142 3041 1200 3105 alii
1217 3041 1431 3125 quamplures
1446 3061 1504 3106 eo·

395 3147 473 3210 dem
495 3146 562 3210 acti
574 3146 692 3229 spiritu
709 3147 783 3225 Dei,
800 3146 891 3212 nulla
906 3157 1059 3212 verentes
1072 3144 1274 3223 discrimina,
1286 3145 1504 3210 incommoda

396 3259 429 3313 et
444 3248 584 3327 labores,
609 3250 652 3314 ad
669 3267 725 3315 eas
742 3251 894 3334 regiones
920 3259 1074 3334 pergant,
1100 3250 1158 3316 ubi
1189 3248 1387 3332 probrosum
1418 3248 1501 3312 illud·

277 3419 283 3432 ,
345 3369 346 3374 ’
396 3352 633 3418 commercium
650 3364 833 3432 exercetur,
848 3353 980 3419 allaturi
1001 3354 1134 3419 illarum
1166 3353 1283 3418 incolis
1312 3351 1500 3417 doctrinam

216 3425 373 3539 parssi‘i'ii‘
396 3453 520 3520 Christi
531 3476 629 3521 verae
638 3457 784 3522 libertati
800 3458 1024 3524 coniunctam.
1042 3457 1171 3523 Verum
1198 3457 1284 3522 tanti
1310 3456 1420 3538 operis
1443 3475 1499 3538 ag-

394 3560 521 3642 gressio
542 3561 657 3642 copias
688 3559 818 3644 flagitat
847 3562 918 3627 eius
948 3560 1165 3644 amplitudini
1195 3580 1299 3643 pares.
1316 3559 1395 3623 Non
1409 3560 1501 3624 enim

393 3663 466 3728 sine
478 3664 605 3746 ingenti
621 3673 758 3747 sumptu
774 3664 920 3747 prospici
936 3674 1049 3749 potest
1066 3664 1352 3729 missionariorum
1370 3663 1500 3728 institu-
1541 3715 1550 3733 .

394 3767 487 3844 tioni,
503 3766 612 3849 longis
627 3767 808 3843 itineribus,
824 3769 983 3852 parandis
998 3768 1150 3846 aedibus,
1162 3766 1297 3850 templis
1312 3767 1500 3834 excitandis

393 3881 427 3937 et
444 3870 654 3949 instruendis,
680 3871 820 3953 aliisque
839 3873 874 3936 id
898 3893 1007 3956 genus
1032 3873 1236 3948 necessariis,
1260 3891 1347 3954 quae
1363 3870 1498 3954 quidem

393 3975 564 4057 impendia
593 3995 653 4057 per
677 3975 806 4058 aliquot
836 3996 943 4042 annos
973 3977 1172 4041 sustinenda
1197 3985 1303 4052 erunt,
1329 3976 1437 4039 donec
1464 3975 1498 4039 in

344 4145 360 4155 ,,
393 4079 433 4143 iis
449 4077 530 4142 locis
545 4076 602 4142 ubi
618 4079 831 4144 consederint
846 4099 929 4146 evan
956 4079 1011 4145 elii
1063 4099 1232 4154 raecones,
1259 4078 1328 4144 suis
1351 4097 1387 4142 se
1409 4097 1498 4142 sum-

213 4149 370 4262 735⁶?ss
393 4181 505 4264 ptibus
519 4181 602 4245 tueri
615 4182 753 4265 possint.
770 4182 913 4248 Utinam
930 4099 1137 4249 §iobislirires
1151 4191 1367 4266 suppeterent
1378 4182 1498 4265 quibus

213 4271 297 4373 {252⁰
320 4264 369 4308 ἢ·
394 4301 567 4368 possemus
582 4285 645 4350 hoc
655 4307 740 4352 onus
756 4287 931 4371 suscipere.
955 4288 1005 4354 At
1032 4308 1137 4372 quum
1155 4288 1242 4353 votis
1259 4285 1391 4352 Nostris
1410 4285 1501 4352 obsi·
