3354 4938
574 369 936 450 murenas
967 367 1408 452 Aposromcne
1350 323 1534 486 *331

448 494 475 614 ἓξ
509 521 573 582 oi:
599 523 809 585 nosnos.
836 523 1035 587 IOSEPHI
1069 521 1122 582 m
1146 523 1473 598 peneuourrs,
1501 496 1536 633 pf]

448 642 475 742 ς,
508 648 760 723 moninus,
797 645 1180 709 uouooennmns
1218 648 1276 707 er
1306 648 1475 709 snum-
1501 644 1534 739 :33

574 778 1018 840 umenteffiomeus
1046 777 1408 841 msrnunnuoo.
1506 750 1528 865 {2

349 1109 355 1120 ι
628 1068 732 1136 UOD
747 1077 818 1134 erat
835 1069 984 1134 maxime
1000 1069 1199 1153 optandum,
1224 1078 1260 1135 ut
1277 1069 1434 1136 nimirum
1451 1073 1542 1155 apud
1657 1133 1658 1136 ,

344 1174 363 1205 ’·
487 1162 563 1343 Q
648 1193 765 1239 omnes
791 1173 913 1257 quibus
939 1173 1130 1238 continetur
1162 1173 1260 1238 ltalia
1290 1174 1446 1257 regiones
1470 1175 1541 1240 dies
1657 1165 1658 1172 '

256 1329 374 1432 ,2²⁸¹
382 1285 410 1315 ‘¹³
352 1066 622 1446 ,ruffi
647 1296 740 1341 sacer
771 1275 896 1342 Sancto
929 1275 1074 1360 losepho
1111 1275 1330 1340 immaculato
1368 1277 1540 1361 Deiparae

472 1367 621 1443 wid
647 1378 781 1462 Sponso
793 1387 888 1443 tanta
898 1379 1006 1444 cultus
1019 1379 1231 1443 observantia
1240 1387 1403 1463 ageretur,
1408 1389 1538 1462 quanto

255 1448 408 1566 Ῐιοροηιόμ
434 1485 523 1570 apud
539 1503 596 1548 eas
612 1501 729 1547 omnes
744 1481 891 1546 studio
881 1501 914 1546 tn
932 1482 1087 1546 eumdem
1106 1481 1269 1548 Sanctum
1286 1482 1394 1565 pietas
1410 1483 1541 1560 colitur,

257 1571 396 1672 Zm‘jlm
347 1568 409 1625 ΠΨ
394 1590 466 1672 ,id
482 1587 612 1671 optima
636 1586 890 1668 opportunitate
915 1604 973 1667 per
994 1584 1092 1649 hos
1083 1605 1173 1666 ipsos
1201 1585 1273 1649 dies
1296 1585 1404 1650 Nobis
1421 1585 1540 1650 datum

255 1684 297 1729 ”tl
312 1686 382 1730 &⁸²
330 1687 407 1744 Μ’
432 1710 503 1754 esse
527 1689 698 1754 laetamur.
725 1685 901 1770 Supplices
926 1687 1015 1752 enim
1042 1707 1063 1750 a
1079 1686 1337 1752 Venerabilibus
1364 1688 1539 1753 Fratribus

251 1749 366 1847 {gum
343 1805 407 1862 sesto
432 1792 655 1869 Pedemontis,
671 1791 828 1873 Liguriae
843 1799 876 1856 et
894 1789 1069 1856 Sardiniae
1094 1789 1272 1874 Episcopis
1295 1792 1445 1874 perlatae
1460 1801 1540 1857 sunt

254 1862 331 1912 Μ
302 1863 401 1922 mm
430 1895 472 1958 ad
489 1893 561 1956 Nos
577 1891 715 1966 litterae,
730 1889 885 1974 quibus
875 1890 938 1973 ipsi
966 1897 1120 1954 votorum
1137 1891 1239 1954 etiam
1260 1889 1337 1954 cleri
1354 1891 1538 1975 populique

430 1997 625 2078 interpretes
640 2002 759 2076 petunt
776 2013 796 2056 a
812 1991 930 2067 Nobis,
954 2001 992 2056 ut
1015 1992 1087 2057 dies
1112 1992 1384 2076 undevigesimus
1411 1994 1536 2057 mensis

431 2101 544 2166 Martii
561 2099 742 2162 memoriae
769 2096 885 2162 Sancti
910 2095 1123 2160 Patriarchae
1139 2091 1344 2162 ¹recolendae
1371 2097 1538 2174 addictus,

429 2201 714 2286 quemadmodum
731 2201 764 2265 in
781 2199 855 2264 aliis
882 2198 1000 2264 ltaliae
1023 2197 1223 2282 regionibus,
1244 2199 1291 2263 ita
1310 2199 1344 2264 in
1361 2199 1430 2264 suis
1445 2198 1538 2264 dioe-

428 2306 559 2370 cesibus
584 2305 647 2369 sub
673 2304 798 2387 duplici
825 2310 1005 2387 praecepto
1036 2301 1228 2366 celebretur.
1260 2303 1368 2367 Laeto
1398 2303 1538 2386 quidem

428 2411 542 2474 animo
557 2407 752 2490 lubentique
767 2407 962 2491 excepimus
979 2425 1018 2470 ea
1034 2416 1121 2482 vota,
1137 2425 1316 2488 quaecum
1332 2405 1435 2490 digna
1456 2416 1540 2471 sunt

427 2513 553 2596 pietate
568 2511 769 2595 rogantium,
793 2520 866 2576 tum
892 2510 1024 2575 diutino
1049 2508 1215 2574 desiderio
1231 2509 1358 2574 Nostro
1382 2511 1540 2594 apprime

427 2615 639 2698 respondent.
667 2612 851 2696 Siquidem,
877 2613 1019 2696 vestigia
1043 2612 1175 2696 sequuti
1204 2612 1387 2677 decessoris
1417 2613 1539 2679 Nostri

427 2726 563 2783 sanctae
588 2717 769 2782 memoriae
786 2716 835 2780 Pii
852 2715 916 2782 PP.
940 2715 1002 2794 IX,
1018 2714 1075 2798 qui
1092 2714 1252 2798 singulari
1276 2716 1389 2781 studio
1405 2715 1534 2782 cultum

427 2821 589 2888 Sanctum
616 2821 680 2884 Dei
708 2819 896 2886 Genitricis
909 2819 1032 2903 Sponsi
1048 2820 1212 2903 provexit,
1237 2819 1401 2905 illumque
1426 2820 1535 2885 caele-

248 2924 401 3030 dcssiff
425 2922 983 2989 stemtotiusEcclestaePetronum
992 2922 1190 3004 designavit
1197 2921 1535 2988 Nosdie8kalendas

248 3043 349 3102 vestita
426 3030 641 3114 Septembres
650 3050 739 3094 anno
749 3031 840 3112 1889,
842 3025 930 3094 datis
942 3027 985 3092 ad
996 3027 1186 3092 universum
1199 3027 1316 3092 orbem
1324 3026 1534 3112 Apostolicis

244 3107 288 3158 pn
247 3160 340 3204 mu
289 3115 360 3155 Μ’·
425 3129 552 3206 litteris,
567 3130 764 3194 christianos
780 3147 898 3192 omnes
909 3127 952 3191 ad
970 3125 1177 3192 fovendum
1168 3149 1202 3192 tn
1219 3149 1254 3193 se
1269 3129 1534 3210 augendumque

247 3219 333 3323 Ἠ
326 3219 400 3324 'mli
426 3251 504 3314 erga
515 3233 738 3297 castissimum
756 3231 924 3313 Deiparae
940 3229 1111 3313 Sponsum
1127 3231 1203 3314 piae
1220 3233 1341 3296 mentis
1364 3230 1536 3306 affectum,

238 3337 400 3456 smlt'qsui
426 3335 561 3418 eiusque
577 3335 703 3401 cultum
720 3334 844 3417 ubique
868 3333 976 3416 magis
991 3333 1201 3398 dilatandum
1218 3331 1408 3399 efficacibus
1424 3333 1538 3398 verbis

246 3455 276 3499 ru
277 3455 399 3501 ortum
426 3439 591 3504 cohortati
607 3459 730 3504 sumus.
758 3439 805 3504 lis
829 3457 908 3502 vero
923 3437 1111 3502 hortatibus
1126 3440 1381 3522 praeceptisque
1397 3439 1537 3504 Nostris

244 3513 400 3630 mm
388 3551 522 3610 tanta
537 3543 724 3607 animorum
741 3541 913 3607 alacritate
940 3541 1064 3624 ubique
1091 3540 1241 3607 locorum
1258 3544 1533 3624 obtemperatum

243 3632 335 3689 Μ’·
425 3655 484 3724 est,
496 3655 532 3711 ut
543 3645 727 3711 luculenter
737 3645 928 3729 apparuertt
938 3654 1066 3728 quanta
1077 3655 1111 3710 et
1123 3665 1225 3729 quarn
1238 3646 1371 3728 penitus
1387 3647 1538 3712 insideat

423 3748 457 3812 in
474 3748 729 3815 christianorum
744 3748 866 3814 animis
891 3766 971 3831 erga
988 3747 1150 3815 Sanctum
1167 3749 1395 3814 Patriarcbam
1414 3752 1537 3833 pietas,

423 3862 457 3917 et
471 3862 633 3935 quantam
651 3854 684 3917 in
701 3851 835 3917 caelesti
858 3852 947 3916 illius
962 3852 1150 3935 patrocinio
1162 3872 1257 3936 spem
1273 3854 1418 3918 universi
1434 3873 1537 3936 repo·

423 3973 514 4029 nant.
530 3961 698 4030 Excitatis
714 3965 762 4031 ita
773 3964 898 4048 ubique
913 3963 1048 4048 pietatis
1072 3963 1191 4030 studiis
1207 3974 1375 4048 auctoque
1393 3962 1536 4042 fervore,

421 4065 484 4129 sibi
500 4065 637 4149 quidem
653 4067 770 4132 deesse
785 4085 853 4132 non
866 4075 1021 4150 poterant
1039 4067 1116 4130 Itali
1119 4068 1228 4151 ,apud
1238 4087 1324 4151 quos
1337 4087 1405 4132 non
1419 4067 1535 4133 minus

310 4175 392 4228 Italos.
421 4177 510 4233 certe
534 4189 636 4253 quam
661 4171 751 4253 apud
778 4168 891 4247 ullam,
918 4189 962 4234 ex
986 4171 1144 4253 gentibus
1170 4170 1289 4236 ceteris
1311 4171 1345 4234 in
1362 4169 1534 4238 Sanctum

239 4237 333 4350 ms
360 4249 395 4339 ’ἶ
425 4271 606 4355 Iosephum
633 4275 740 4358 pietas
766 4275 859 4358 viget
883 4283 916 4339 et
940 4273 1045 4342 floret.
1062 4275 1127 4340 Ex
1152 4275 1216 4341 hoc
1241 4277 1354 4342 evenit
1378 4284 1426 4354 ut,
1441 4275 1543 4344 nulla
