3354 4938
406 295 456 346 DE
471 293 591 344 STATU
611 291 815 344 ECCLESIAE
834 292 904 342 PER
921 290 1063 342 ORBEM.
1212 291 1283 360 219

180 483 296 548 animo
312 485 422 550 minus
442 504 605 567 suspenso
625 493 659 548 et
679 484 785 548 anxio
799 502 872 546 esse
892 483 1074 564 coepimus,
1089 501 1165 545 cum
1183 500 1284 565 quae·
1338 484 1434 580 JU'NH

180 585 259 652 dam
286 609 373 674 quae
397 609 417 654 e
443 609 477 652 re
492 588 657 654 catholica
681 596 768 666 sunt,
782 585 915 671 publice
938 585 1072 650 decreta
1096 603 1169 649 esse
1185 585 1217 648 in
1245 603 1286 649 ea
1352 581 1417 638 ¹⁸⁹¹·

179 692 315 774 regione
339 694 536 758 noverimus.
552 729 596 742 -
613 690 749 757 Certum
775 699 887 754 tamen
904 688 1013 754 Nobis
1039 695 1090 754 est
1104 689 1198 753 omni
1221 708 1285 772 ope

179 793 240 857 niti
256 803 293 859 ut
317 795 459 879 inceptis
485 797 632 860 secunda
659 796 863 859 incrementa
879 792 1285 876 respondeant;·eamque

178 895 211 960 in
237 917 307 962 rem
336 900 473 965 minime
488 898 682 964 dubitamus
707 907 780 962 tum
808 893 976 960 sacrorum
1002 893 1193 974 Antistites,
1211 904 1283 960 tum

177 1001 293 1069 fideles
309 1025 446 1089 operam
472 1025 566 1071 suam
593 1005 779 1070 Nobiscum
794 1002 984 1067 collaturos.
1003 1001 1135 1066 Interea
1151 1009 1283 1084 gratum

178 1116 238 1184 est,
251 1109 350 1174 vobis
365 1107 562 1194 significare,
577 1127 680 1173 novas
696 1115 841 1192 quatuor
856 1105 1062 1190 episcopales
1078 1106 1174 1170 sedes
1194 1106 1283 1191 apud

178 1209 394 1277 Brasilienses
410 1212 476 1277 iam
497 1232 570 1277 esse
585 1210 795 1287 constitutas,
810 1209 931 1294 quibus
957 1216 992 1272 et
1016 1208 1098 1273 alias
1123 1207 1156 1272 in
1173 1217 1284 1292 poste-

179 1331 251 1376 rum
268 1312 483 1392 adficiendam,
499 1315 574 1379 Deo
589 1313 746 1398 propitio,
760 1313 959 1378 curabimus.

222 1416 339 1480 Novas
366 1419 491 1501 pariter
516 1417 716 1501 episcopalis
732 1415 906 1482 ministerii
931 1415 1028 1480 sedes
1052 1412 1085 1477 in
1103 1413 1286 1478 Mexicana
1311 1443 1459 1493 impexi.

178 1518 367 1601 Republica
393 1523 542 1587 excitare
566 1523 599 1585 in
626 1521 741 1585 animo
766 1530 826 1586 est.
854 1521 919 1584 Pro
934 1527 1075 1601 paterno
1101 1517 1228 1582 Nostro
1251 1517 1284 1580 in
1309 1519 1372 1610 {522²
1383 1513 1462 1610 'iffi

178 1641 252 1713 eam
279 1625 392 1689 studio
415 1624 632 1690 vehementer
659 1633 828 1708 optamus,
854 1632 892 1688 ut
918 1623 1090 1688 Mexicani
1121 1622 1210 1687 cives
1240 1641 1284 1686 ex
1309 1623 1461 1743 jgmg‘·

178 1725 218 1788 iis
235 1727 343 1804 malis,
357 1747 444 1812 quae
460 1729 639 1812 impiorum
655 1727 827 1792 foederum
840 1727 993 1792 homines
1009 1727 1042 1791 in
1055 1746 1122 1804 eos,
1139 1727 1187 1792 uti
1200 1735 1234 1792 et
1250 1727 1283 1790 in
1302 1741 1414 1802 fruetur.

178 1828 261 1897 alios
286 1832 438 1916 populos,
462 1833 629 1912 invexere,
655 1833 797 1915 sospites
820 1839 1004 1914 emergant,
1028 1831 1171 1915 Deoque
1199 1830 1285 1897 bene

177 1933 323 2013 iuvante,
336 1938 380 2002 ad
397 1938 572 2020 pristinum
599 1936 784 2002 catholicae
811 1934 888 2000 fidei
904 1935 1105 2020 pietatisque
1128 1936 1285 2020 splendo-

178 2057 248 2102 rem
265 2049 449 2123 assurgant

223 2142 320 2208 Haec
346 2144 452 2224 vobis,
476 2144 695 2210 Venerabiles
720 2143 863 2219 Fratres,
889 2161 1031 2227 quorum
1063 2142 1201 2208 interest
1232 2163 1284 2207 res

177 2245 349 2312 Ecclesiae
364 2246 470 2312 laetas
484 2249 682 2313 adversasve
691 2267 903 2332 cognoscere,
912 2255 1088 2330 perspecta
1097 2255 1131 2311 et
1146 2247 1283 2330 cognita
1379 2309 1380 2314 ,

174 2369 249 2413 esse
263 2349 440 2416 voluimus.

221 2451 378 2518 Ceterum
394 2462 576 2538 antequam
592 2456 635 2521 ad
660 2475 765 2520 novas
789 2453 1034 2538 Episcoporum
1051 2454 1283 2538 cooptationes

176 2555 359 2635 veniamus,
390 2558 552 2623 adlecturi
583 2561 616 2623 in
652 2558 897 2644 amplissimum
933 2558 1095 2624 Ordinem
1134 2568 1280 2624 vestrum

175 2675 292 2723 sumus
316 2661 401 2726 duos
419 2663 517 2740 viros,
531 2682 616 2745 quos
636 2664 681 2728 ob
697 2663 831 2747 egregia
853 2663 957 2726 animi
973 2661 1164 2746 ingeniique
1184 2681 1282 2728 oma-

177 2771 300 2840 menta,
316 2766 349 2828 in
376 2766 589 2832 demandatis
617 2765 809 2832 muneribus
824 2765 989 2831 obeundis
1011 2765 1221 2850 diligentiam
1249 2775 1283 2830 et
1387 2807 1391 2818 ·

176 2863 288 2945 fidem,
303 2868 562 2953 devinctamque
576 2870 797 2955 Apostolicae
820 2869 903 2936 Sedi
927 2868 1134 2944 voluntatem
1158 2890 1197 2934 ac
1213 2881 1281 2935 stu-

175 2968 270 3033 dium
282 2969 408 3037 honore
418 2973 551 3056 collegii
566 2974 667 3038 vestri
682 2975 803 3057 dignos
813 2973 1012 3038 censuimus.

222 3073 251 3136 li
267 3083 382 3139 autem
398 3086 491 3142 sunt:
507 3078 689 3144 ALOISIUS
707 3079 886 3154 Romul,
903 3075 1186 3159 Archiepiscopus
1201 3076 1280 3140 titu·
1334 3106 1391 3152 οη
1401 3106 1459 3154 novt

176 3175 254 3240 laris
271 3178 520 3260 Pharsaliensis,
534 3183 722 3248 ordinarius
745 3181 870 3246 Noster
892 3190 926 3245 et
948 3178 1166 3265 Apostolicae
1183 3179 1281 3246 Sedis
1306 3165 1444 3273 ξξζξῇκῗ

176 3276 326 3346 Nuntius
337 3284 427 3364 apud
442 3284 698 3368 Rempublicam
710 3284 873 3352 Gallicam
879 3284 1139 3365 ;ANTONIUSA
1150 3283 1281 3348 PAULO

177 3380 371 3465 GRUSCHA‚
381 3387 665 3473 Archiepiscopus
675 3390 877 3454 Viennensis
889 3391 922 3454 in
935 3389 1082 3472 Imperio
1091 3388 1281 3456 Austriaco.
1349 3375 1353 3382 ¹

550 3492 640 3577 Quid
653 3494 749 3559 vobis
761 3495 911 3559 videtur?

220 3591 434 3659 Auctoritate
449 3595 563 3680 itaque
578 3599 820 3682 omnipotentis
831 3598 905 3676 Dei,
921 3608 1114 3665 sanctorum
1131 3599 1280 3681 Aposto-

176 3693 285 3762 lorum
314 3696 402 3761 Petri
426 3706 460 3763 et
485 3700 591 3778 Pauli,
614 3709 647 3766 et
673 3701 808 3780 Nostra,
831 3722 983 3767 creamus
1010 3713 1043 3768 et
1068 3702 1281 3786 publicamus

177 3797 213 3864 S.
226 3799 265 3864 R.
283 3801 324 3864 E.
340 3802 555 3885 Presbyteros
572 3803 767 3870 Cardinales

439 3909 631 3974 Acolsmu
649 3911 818 3975 Romen

438 4014 656 4080 Ausonum
672 4031 697 4079 n
713 4015 842 4080 Puuao
858 4015 1041 4082 Gauscun

221 4113 307 4178 Cum
321 4115 638 4199 dispensationibus,
652 4119 927 4202 derogationibus
942 4129 976 4184 et
991 4117 1150 4184 clausulis
1166 4139 1279 4184 neces-

176 4214 271 4277 sariis
298 4225 332 4279 et
356 4218 562 4299 opportunis.
590 4219 628 4284 ln
656 4219 802 4284 Nomine
827 4221 934 4284 Patris
959 4231 994 4303 ›1‹
1024 4229 1059 4285 et
1086 4219 1162 4284 Filii
1186 4234 1222 4306 ἦ.
1245 4231 1281 4286 et

178 4317 324 4403 Spiritus
339 4331 375 4403 »χι
392 4321 515 4387 Sancti.
532 4322 653 4387 Amen.
