3352 4926
542 283 664 333 INDEX
689 276 937 332 ANALYTICUS.
1222 272 1291 345 295

260 515 375 570 adeum
388 513 506 568 redeant
521 521 633 582 oportet
645 509 805 566 dilabentes
818 509 972 565 societates
994 521 1051 576 191.
1064 538 1100 548 —
1109 507 1142 577 b)
1162 507 1225 560 Nec

259 605 354 650 tamen
367 592 541 662 corporalem
554 592 646 644 vitam
663 589 785 659 neglexit
809 587 949 654 Ecclesia,
963 588 1122 658 praesertim
1135 587 1225 656 prole·

260 671 395 729 tariorurn
412 685 469 738 191.
483 700 519 710 -
531 669 559 736 a)
571 669 711 724 Indirecte
720 668 847 738 regendo
860 683 951 722 mores
963 679 1020 734 191.
1031 695 1066 706 -
1082 664 1227 736 Imprimis

259 750 452 823 appetentiam
466 765 559 805 rerum
569 759 597 804 et
619 749 796 818 voluptatum
812 747 889 804 sitim
902 745 1063 800 coercendo
1082 759 1140 814 192.
1151 773 1184 784 -
1200 742 1227 816 β)

260 831 373 886 Dr'recte
383 828 508 899 cujusvis
529 829 642 897 generis
664 830 800 882 instituta
822 824 946 881 fovendo
966 825 1008 878 ad
1023 823 1228 878 sublevandam

261 911 389 980 inopiam
405 923 463 977 192.
476 939 510 948 -
523 910 558 979 α’)
570 914 597 965 Α
609 906 746 978 primaeva
758 915 844 962 aetate
857 903 990 960 Ecclesia
1007 902 1105 958 munia
1122 899 1227 958 benefi-

261 988 363 1046 centiae
375 989 613 1047 excellentissime
626 985 751 1042 exercuit
764 999 822 1054 19²·
831 1013 867 1024 -
876 983 911 1054 β’)
935 985 1007 1042 Inde
1020 993 1113 1039 ortum
1127 982 1228 1050 ingens

261 1084 418 1141 pauperum
439 1069 642 1138 patrimonium
664 1079 778 1134 semper
808 1063 930 1120 fideliter
953 1061 1117 1130 custodivit,
1142 1058 1228 1124 auxit,

263 1148 332 1204 rexit
348 1159 406 1213 192.
419 1173 455 1184 -
466 1147 501 1216 γ’)
516 1150 550 1203 ln
563 1146 644 1216 cujus
656 1145 720 1199 loco
733 1143 930 1200 beneficentiae
949 1161 984 1199 ex
996 1141 1115 1199 caritate
1127 1141 1231 1194 frustra

263 1235 402 1282 conantur
417 1227 572 1297 subrogare
584 1222 803 1280 beneficentiam
812 1223 933 1293 legalem
949 1237 1006 1292 192

301 1305 492 1374 BleMan
502 1317 642 1362 nunnus
651 1301 791 1358 Ecclesiae
799 1303 965 1373 adjumenta
974 1308 1110 1370 praestent
1120 1306 1231 1367 oportet

267 1400 323 1455 193.
334 1382 418 1452 -A‘)
432 1385 518 1455 Qum
527 1399 548 1440 Α
561 1395 739 1439 aasunmca
750 1393 999 1436 ermerannus.
1010 1409 1041 1418 -
1057 1375 1232 1447 Respublica

264 1462 420 1520 christiana
431 1465 479 1521 hic
489 1465 653 1534 intelligitur
667 1475 724 1530 193.
736 1490 768 1500 -
781 1467 1086 1517 1⁰C011s1n111111110r111s
1099 1465 1230 1515 Gaurana·

265 1561 375 1603 monas.
398 1565 417 1601 a
418 1545 434 1618 )
447 1545 547 1602 Civilis
559 1541 711 1614 potestatis
723 1551 768 1597 est
785 1541 933 1612 publicam
948 1542 1044 1597 lovere
1056 1538 1232 1611 prosperata·

264 1634 327 1696 tem,
340 1625 449 1682 scilicet
461 1623 609 1690 moralem,
622 1620 794 1688 religiosam,
808 1617 1005 1689 domesticam,
1022 1616 1232 1675 oeconomicam

268 1721 324 1776 199
341 1735 374 1746 -·
387 1705 452 1759 Hoc
465 1717 555 1771 agens
572 1699 714 1768 omnibus,
727 1699 887 1768 praesertim
900 1699 1071 1771 proletariis,
1082 1697 1146 1768 jure
1166 1714 1232 1769 pro·

265 1785 333 1855 prio,
347 1782 469 1840 consulit
486 1795 542 1850 193·
556 1809 592 1820 «-
604 1776 636 1849 l)
650 1779 808 1848 Specialius
820 1779 1037 1849 proletariorum
1057 1795 1156 1833 curam
1175 1793 1233 1832 res·

265 1865 379 1936 publica
402 1863 553 1930 utrr'usque
576 1859 687 1912 ordinis
696 1857 823 1926 fautrix
842 1858 966 1924 habeat3
987 1873 1056 1912 nam
1079 1855 1233 1926 proletarii,

267 1959 385 1999 numero
397 1941 529 2010 majores,
539 1937 593 1994 etsi
611 1937 720 1991 directe
732 1935 761 1990 in
774 1951 926 1993 commune
938 1937 1047 1991 bonnm
1059 1937 1153 1992 minus
1166 1953 1233 1992 con-

266 2025 357 2078 terunt
376 2035 461 2092 quam
481 2017 551 2073 ordo
563 2018 734 2088 gubemanq
749 2015 871 2070 multum
884 2025 981 2072 tamen
993 2027 1121 2085 prosunt,
1137 2017 1233 2087 impri-

266 2102 319 2158 mis
332 2100 508 2156 affluentiam
518 2099 658 2152 bonorum
668 2103 850 2150 externorum
863 2111 914 2166 per
922 2097 1051 2151 laborem
1068 2097 1233 2165 praestando

269 2191 391 2250 194-195.
405 2207 440 2218 -
453 2176 584 2246 lovigilet
597 2191 665 2243 ergo
682 2173 853 2244 respublica,
866 2174 969 2230 intuitu
982 2177 1143 2230 communis
1155 2174 1233 2242 boni,

266 2270 296 2315 ut
304 2259 389 2328 hujus
402 2255 555 2312 affluentiae
568 2254 695 2309 debitam
714 2261 826 2320 partem
839 2263 867 2308 et
880 2254 935 2324 ipsi
949 2253 1109 2324 percipiant
1132 2267 1232 2324 199·-

268 2337 298 2410 r)
313 2340 441 2408 lnsuper,
458 2335 506 2407 qui
519 2343 645 2405 ptaesunt
658 2333 830 2404 reipublicae,
850 2344 915 2390 sunt
933 2333 1060 2388 custodes
1078 2333 1188 2390 ordinis
1208 2341 1236 2389 et

262 2419 381 2489 jurium
403 2426 459 2484 195.
473 2443 508 2454 -
521 2422 637 2484 propter
649 2413 892 2482 communitatem,
905 2429 964 2467 non
986 2423 1101 2484 propter
1123 2416 1234 2485 seipsos

266 2506 436 2568 potestatem
449 2502 551 2563 gerunt
567 2503 624 2560 195.
637 2521 673 2531 -
691 2491 719 2560 a)
736 2494 824 2565 Atqui
845 2493 958 2549 ordinis
974 2493 1094 2548 multum
1116 2494 1232 2552 interest

266 2576 343 2648 quod
352 2573 461 2644 religio,
469 2571 537 2626 boni
548 2587 650 2640 mores,
659 2563 786 2640 corporis
794 2575 883 2645 vigor,
891 2571 1009 2646 familia,
1016 2582 1093 2628 artes
1102 2574 1233 2640 florenum

266 2656 341 2712 unde
353 2653 524 2722 ubicumque
544 2649 600 2704 ista
621 2649 827 2722 periclitantur,
839 2652 902 2708 sine
923 2652 1074 2722 potestatis
1087 2670 1143 2722 ope
1155 2656 1234 2710 dam·

265 2751 334 2790 unm
347 2741 474 2803 captura,
487 2731 549 2784 haec
559 2728 728 2786 interveniat
742 2743 853 2802 oportet
870 2731 993 2802 195·196.
1004 2759 1039 2770 -
1048 2731 1075 2800 β)
1082 2733 1234 2804 Juraqui·

268 2816 342 2882 dem,
355 2809 515 2882 praesertim
536 2807 713 2864 infirmorum
725 2821 753 2866 et
767 2812 893 2882 inopum,
914 2810 1061 2868 vindicare
1080 2814 1167 2869 debet
1183 2815 1240 2881 196.

270 2923 306 2933 -
329 2898 358 2946 2⁰
387 2895 594 2946 arancarum
623 2905 688 2943 usae
719 2906 876 2946 eameram.
904 2887 938 2959 a)
968 2893 1009 2948 Ut
1030 2893 1236 2962 possidentium

260 2975 338 3044 jura
353 2967 443 3026 civilis
457 2974 585 3038 potestas
605 2975 726 3035 tueatur,
739 2967 768 3036 a)
781 2969 926 3025 cohibebit
947 2969 1119 3044 cupiditates
1131 2971 1237 3027 violen-

267 3063 312 3107 tas
324 3047 416 3119 plebis
425 3056 454 3101 et
466 3044 657 3100 concitatores
670 3061 819 3114 perversos
830 3068 838 3114 3
853 3049 880 3118 β)
893 3051 1064 3116 medebitur,
1079 3050 1237 3118 praesertim

267 3123 468 3202 praeveniendo
481 3139 592 3190 causas,
606 3122 791 3180 incommodo
812 3130 965 3198 grassanti,
984 3127 1062 3200 quod
1081 3128 1237 3184 artificibus

268 3227 302 3265 ex
314 3204 473 3276 composito
486 3219 572 3272 opere
585 3202 936 3276 solventibusrespublica
948 3205 1054 3278 patitur
1069 3209 1193 3277 196-197.
1203 3237 1237 3246 -

267 3283 485 3354 nauoptficem
494 3281 634 3352 prasidro
644 3283 839 3354 munsterum,
857 3287 885 3348 α)
898 3286 1037 3358 imprimis
1048 3285 1077 3340 in
1087 3287 1157 3356 ipsis
1167 3287 1238 3342 lona

268 3366 362 3420 antini
371 3361 517 3430 tutabitur,
528 3360 685 3416 secundum
697 3377 770 3433 quae,
781 3364 963 3422 interioribus
973 3365 1083 3420 naturis
1096 3365 1238 3422 dominari

266 3443 347 3528 jussi,
359 3457 460 3498 onmes
470 3441 603 3496 homines
615 3456 699 3509 pares
710 3451 785 3511 sunt,
795 3460 917 3516 quaeqoe
928 3445 991 3516 ipse
1002 3445 1091 3500 homo
1104 3445 1238 3501 abdicare

269 3541 327 3580 non
340 3530 434 3592 potest
450 3521 574 3589 197·198.
587 3549 623 3560 -
637 3521 713 3577 Hinc
726 3523 854 3594 requiem
868 3541 919 3595 per
933 3525 996 3580 dies
1009 3523 1097 3580 festos
1107 3540 1240 3581 necessa·

270 3602 341 3657 riam
354 3601 395 3656 eis
409 3598 586 3669 procurabit;
596 3615 682 3669 quam
694 3616 790 3655 rursus
803 3618 857 3657 nec
869 3602 940 3672 ipsis
953 3601 1085 3658 omittere
1097 3603 1165 3659 licet
1180 3604 1238 3672 198.

269 3711 305 3721 -
319 3679 346 3753 β)
359 3679 442 3733 Bona
452 3677 616 3748 corporalia
634 3683 663 3732 et
672 3684 790 3734 externa
805 3680 952 3750 tutabitur,
966 3680 1001 3749 α’)
1021 3679 1198 3751 invigilando
1210 3693 1240 3737 ut

272 3762 301 3816 in
313 3760 411 3815 labore
423 3757 526 3811 virium
538 3767 566 3812 et
579 3766 739 3827 temporum
752 3759 825 3816 ratio
838 3769 966 3816 servetur
981 3759 1038 3830 198.
1052 3790 1088 3800 -
1104 3760 1169 3830 Quo
1182 3779 1241 3816 ma·

270 3841 315 3911 gis
327 3854 465 3894 onerosus
486 3836 568 3891 labor
585 3846 639 3906 est,
651 3852 685 3893 eo
698 3839 864 3908 productior
885 3839 922 3894 sit
940 3839 1053 3910 requies
1078 3840 1136 3908 198.
1157 3869 1192 3880 -
1207 3839 1241 3914 β’)

275 3917 454 3988 invigilando
467 3931 505 3972 ne
513 3916 603 3986 pueri
616 3919 765 3988 maturius,
770 3919 890 3989 feminee
907 3919 935 3975 in
949 3918 1087 3974 damnum
1100 3935 1185 3974 sexus
1199 3917 1242 3972 vel

273 4000 375 4054 domus
397 3997 546 4061 laborent3
566 3993 603 4049 ad
624 4012 688 4067 quae
710 3998 808 4052 ornnia
826 3997 855 4054 in
878 3998 1074 4055 contractibus
1096 4007 1244 4068 respectus

272 4078 412 4134 habeatur
423 4084 537 4148 oportet
553 4087 610 4142 199.
624 4101 659 4113 -
671 4073 706 4148 γ’)
722 4075 903 4146 Invigilando
915 4094 953 4133 ne
957 4079 1044 4147 justa
1063 4075 1185 4132 mrceds
1204 4075 1243 4130 la·

274 4160 325 4214 bor
337 4155 462 4227 privetur
477 4168 534 4222 199.
556 4183 592 4193 -
606 4153 767 4222 Objr'cr'tur:
781 4156 926 4224 Mercede,
939 4155 976 4212 de
988 4171 1045 4227 qua
1068 4155 1158 4211 libere
1171 4155 1244 4210 inter

273 4245 370 4306 partes
382 4241 555 4289 conventum
573 4241 627 4300 est,
640 4230 750 4302 integre
768 4233 869 4302 soluta,
882 4235 962 4290 salva
979 4233 1090 4306 justitia
1110 4231 1244 4290 habenda

272 4324 328 4382 est,
342 4314 439 4384 Resp:
455 4311 520 4367 Hoc
533 4327 590 4364 non
604 4309 714 4368 sufficit.
734 4311 836 4378 Labor,
849 4312 947 4369 divino
961 4312 1090 4370 instituto
1102 4312 1189 4368 victui
1202 4311 1244 4368 in·

1243 425 1296 475 Peg.
