3362 4944
195 312 247 362 DE
266 310 448 362 SEMINAR.
470 307 542 360 PRO
561 305 690 356 lTALIA
709 305 837 356 SUPER.
859 303 990 354 ROMAE
1009 305 1182 356 CONSTIT.
1219 307 1285 376 123

182 488 250 551 iam
267 487 345 549 inde
361 486 405 548 ab
421 503 510 548 anno
530 483 614 562 1854
628 481 761 544 initium
778 481 811 544 in
832 479 914 544 urbe
938 479 1076 557 habuit,
1090 478 1288 564 felicemque
1321 501 1408 588 mg}
1436 547 1457 588 B

175 589 391 652 alumnorum
430 593 631 669 proventum
662 582 786 648 extulit
824 582 947 667 quibus
986 582 1140 647 insubria
1167 585 1287 648 merito
1356 597 1421 656 1890.
1457 577 1462 587 '

178 691 305 756 laetata
322 699 383 768 est,
398 690 457 756 sed
474 709 584 753 rerum
601 687 809 770 publicarum
834 687 1069 752 conversiones
1084 706 1172 770 quae
1196 707 1287 752 anno
1312 710 1370 754 urbe
1394 711 1463 766 capra

182 798 267 877 1870
282 796 315 858 in
332 795 414 859 urbe
431 813 580 872 evenere,
595 791 777 856 effecerunt
793 801 830 856 ut
840 790 1061 856 contubernio
1073 790 1286 856 alumnorum
1310 770 1423 820 'mm'

174 899 299 976 soluto,
322 918 389 962 una
409 897 508 962 simul
534 895 714 980 collegium
738 896 849 977 ipsum
877 915 949 958 esse
974 894 1118 959 desierit.
1146 894 1187 960 Id
1213 895 1286 959 Nos

174 1023 278 1086 aegre
291 1003 478 1067 admodum
495 1010 528 1067 et
545 1000 685 1066 moleste
702 999 899 1076 ferentesab
911 999 1060 1063 exordiis
1070 996 1287 1081 pontificatus

176 1109 305 1186 Nostri,
321 1127 397 1171 cum
415 1105 577 1173 Odoardo
594 1105 776 1168 Borromeo
788 1103 924 1168 illustris
942 1103 1132 1182 memoriae,
1145 1103 1179 1168 S.
1191 1102 1230 1167 R.
1245 1103 1285 1169 E.

178 1210 350 1277 Cardinali
368 1209 499 1291 collegii
516 1219 668 1292 patrono
684 1208 836 1290 impense
851 1207 992 1290 egimus,
1012 1217 1050 1272 ut
1073 1206 1285 1272 alumnorum
1315 1228 1370 1286 jam
1381 1230 1463 1298 ltalia

173 1315 398 1382 contubernio
414 1314 623 1378 restituendo
637 1332 774 1396 operam
799 1321 945 1377 navaret
963 1311 1139 1394 Nobisque
1154 1310 1287 1393 placere
1311 1291 1463 1409 {mm

176 1418 491 1495 demonstravimus,
508 1417 535 1482 si
546 1435 586 1482 ea
597 1417 693 1481 sedes
704 1437 771 1480 non
785 1416 995 1500 excipiendis
1014 1416 1123 1481 solum
1133 1436 1179 1480 ex
1191 1416 1286 1480 insu·
1311 1409 1463 1514 {gffgffl

178 1521 251 1585 bria
266 1521 404 1598 clericis,
419 1520 477 1584 sed
493 1520 596 1584 etiam
613 1541 658 1584 ex
674 1519 883 1584 dioecesibus
895 1520 1013 1584 Italiae
1027 1519 1216 1603 superioris,
1225 1539 1286 1584 nec
1312 1531 1403 1580 ratum.

180 1645 246 1690 non
275 1625 524 1690 edioecesibus
549 1623 760 1700 Mutinensis,
788 1623 978 1687 Parmensis
1005 1632 1039 1689 et
1071 1623 1286 1689 Placentinae

178 1729 326 1812 regionis
338 1729 490 1792 universe
505 1735 643 1809 pateret
660 1727 884 1810 Amplissimo
910 1746 1011 1811 quem
1038 1727 1188 1792 diximus
1214 1727 1286 1792 viro

172 1843 315 1897 curante
331 1842 364 1896 et
380 1831 494 1896 divina
510 1830 703 1914 adspirante
718 1831 936 1914 benignitate,
952 1831 1078 1896 factum
1102 1840 1162 1909 est,
1177 1840 1215 1895 ut
1229 1830 1286 1896 die

178 1955 222 2018 30
237 1937 397 2003 Octobris
421 1955 511 2001 anno
541 1937 622 2016 1878
650 1955 718 2019 quo
745 1936 779 1999 in
804 1933 878 2002 loco
905 1935 1084 2018 collegium
1111 1933 1228 2012 fuerat,
1249 1935 1283 1999 in

173 2064 217 2108 eo
242 2044 305 2107 sub
329 2043 485 2126 auspiciis
508 2051 699 2108 sanctorum
725 2042 882 2107 caelitum
913 2041 1087 2106 Ambrosii
1114 2050 1147 2104 et
1174 2040 1287 2108 Caroli

176 2147 484 2236 Mediolanensium
502 2145 716 2223 Antistitum,
731 2145 815 2210 sacri
831 2145 1000 2210 seminarii
1016 2145 1113 2210 initia
1128 2144 1283 2210 dedicata

175 2248 308 2328 luerint,
338 2270 382 2313 ex
413 2249 539 2312 clericis
570 2248 710 2313 adlectis
741 2248 944 2313 dioecesium
979 2247 1098 2312 Italiae
1133 2267 1282 2329 superae,

171 2353 231 2436 qui
246 2353 501 2435 opportunitate
515 2352 631 2418 oblata
645 2351 775 2417 fruituri
803 2350 836 2414 in
864 2352 980 2415 urbem
1006 2361 1135 2416 mature
1162 2369 1281 2415 conve·

174 2465 302 2521 nerant

218 2560 304 2626 Cum
317 2560 400 2624 haec
416 2560 511 2625 initia
527 2578 685 2643 prospere
699 2560 886 2636 cessissent,
899 2558 976 2624 novi
990 2549 1134 2624 instituti
1145 2557 1279 2622 rationi·
1327 2590 1417 2650 ψ,
1426 2606 1455 2637 a,

171 2664 233 2728 bus
251 2675 285 2728 et
301 2663 514 2748 prosperitati
532 2661 604 2726 Nos
619 2662 792 2727 consulere
802 2661 1080 2745 cupientes,leges
1090 2661 1119 2725 ei
1132 2662 1279 2744 regendo
1304 2649 1455 2768 misi„

170 2767 357 2850 descriptas
373 2776 407 2831 et
423 2766 465 2830 ad
479 2766 552 2830 Nos
568 2765 696 2844 allatas,
708 2767 907 2830 auctoritate
919 2765 1046 2830 Nostra
1055 2764 1279 2848 probavimus,
1301 2744 1454 2873 firmi*

168 2871 437 2952 spectatissimos
452 2869 541 2933 viros
564 2867 761 2950 disciplinae
784 2867 954 2932 seminarii
979 2876 1013 2931 et
1035 2868 1080 2930 rei
1106 2866 1278 2930 familiaris
1425 2861 1430 2880 '

168 2972 454 3037 administrationi
465 2970 906 3054 curandaepraeposuimus,
918 2969 1110 3052 laetumque
1119 2969 1276 3033 solatium

168 3077 381 3158 percepimus
395 3084 605 3157 compertum
629 3075 801 3151 habentes,
828 3073 1038 3138 alumnorum
1055 3073 1089 3136 in
1105 3072 1227 3136 virtute
1242 3083 1276 3136 et

167 3178 323 3242 doctrina
340 3197 535 3262 progressus
551 3178 780 3261 expectationi
795 3176 940 3241 Nostrae
956 3177 1166 3259 respondere.

214 3279 315 3344 Nunc
329 3301 409 3345 vero
423 3281 564 3345 dilectus
581 3278 668 3344 tilius
685 3281 810 3345 Noster
830 3280 978 3344 Lucidus
996 3279 1104 3342 Maria
1128 3277 1161 3344 S.
1179 3280 1218 3344 R.
1236 3282 1275 3346 E.
1330 3288 1450 3350 Pontifex.

167 3383 359 3448 Cardinalis
376 3383 546 3462 Parocchi,
562 3383 688 3448 Noster
704 3385 737 3447 in
763 3383 844 3448 urbe
860 3381 1015 3448 Vicarius
1045 3389 1079 3446 et
1105 3383 1274 3448 seminarii
1315 3349 1452 3466 simili]

170 3487 322 3552 eiusdem
341 3489 515 3566 Patronus,
530 3508 592 3553 nec
615 3507 682 3552 non
699 3485 918 3553 Venerabiles
941 3485 1074 3550 Fratres
1098 3486 1275 3571 Archiepi-
1300 3465 1451 3585 illliuli]

166 3609 291 3674 scopus
319 3591 385 3656 Tit
411 3591 682 3657 Nicomediensis
713 3602 747 3654 et
773 3591 1055 3673 Archiepiscopus
1082 3589 1148 3655 Tit
1177 3591 1273 3657 Meli·
1294 3589 1449 3704 22⁰3&in

165 3797 250 3861 tioni
277 3800 470 3882 praepositi,
495 3799 649 3881 precibus
673 3798 716 3862 ad
742 3797 815 3863 Nos
842 3797 962 3861 delatis
989 3796 1209 3880 postularunt,
1235 3807 1272 3863 ut

162 3899 327 3964 clericalis
344 3901 498 3979 instituti,
513 3902 604 3986 quod
621 3901 688 3965 iam
705 3921 869 3965 annorum
890 3899 1046 3964 undecim
1063 3900 1272 3982 experientia

163 4004 392 4082 commendat,
409 4004 588 4069 stabilitati
605 4013 638 4068 et
654 4005 868 4067 incrementis
884 4003 1158 4086 prospiceremus,
1174 4002 1271 4088 eique

161 4105 244 4172 iusti
259 4117 293 4169 et
309 4105 449 4188 legitimi
465 4107 635 4171 seminarii
650 4106 711 4182 ius,
735 4107 778 4170 ad
794 4106 973 4170 canonicas
1000 4104 1100 4188 leges,
1124 4107 1268 4169 auctori-

161 4217 235 4274 tate
253 4207 378 4272 Nostra
394 4209 539 4274 tribuere
555 4207 727 4274 vellemus.

210 4310 284 4376 Nos
314 4313 426 4395 itaque
456 4311 552 4378 firma
582 4333 641 4396 spe
668 4313 813 4388 adducti¹
840 4312 957 4377 faustis
988 4311 1129 4396 inceptis
1157 4311 1269 4378 Deum
