3352 4926
558 244 679 296 INDEX
707 243 956 296 ANALYTICUS.

274 487 349 538 nere,
357 471 449 542 deque
462 473 521 527 zelo
531 473 688 530 luculenter
699 489 833 545 expresso
843 487 887 540 aa
899 501 935 514 -
948 470 1139 542 scriptoribus
1151 469 1240 539 ephe·

272 551 412 608 meridum
424 553 607 608 commendat
628 553 758 624 spiritum
771 552 940 617 concordiae,
960 551 1155 607 obedientiam
1168 547 1237 606 sedi
1284 595 1287 605 r

271 631 445 701 Apostolicae
457 642 543 701 atque
555 633 708 704 Episcopis
720 648 762 700 to
790 663 817 674 -
827 632 960 688 Graviter
971 631 1050 686 dolet
1063 639 1090 685 et
1103 629 1236 700 reprobat

270 709 354 766 aliter
364 711 516 767 nonnullos
528 729 559 767 se
571 713 697 782 gessisse
709 727 751 778 40.
766 741 801 753 -
815 711 920 768 Invitat
932 709 1102 781 scriptorem
1116 718 1145 763 ut
1159 724 1237 762 com·
1308 717 1312 723 ·

257 788 386 845 =mendet
396 789 548 846 lectoribus
560 801 732 848 conventum
747 792 974 860 Caesaraugustae
987 788 1115 860 proxime
1128 787 1235 842 haben-

272 865 350 929 dum,
364 885 383 922 a
395 885 452 939 quo
465 871 585 924 multum
597 886 649 940 pro
659 869 814 926 concordia
826 877 923 940 sperat
935 884 979 936 41.

122 1045 128 1052 1
242 963 272 1015 9.
288 967 496 1019 EPISTOLA
509 970 552 1020 ad
566 971 768 1034 Episcopum
782 970 1016 1034 orgelleneem·
1031 969 1080 1022 De
1092 965 1239 1019 sedando

203 1053 685 1110 discordiarumsiudio.·-20
699 1058 896 1112 Mart.1890
1276 1063 1310 1115 42

309 1145 438 1202 Pontifex
450 1149 633 1205 commendat
645 1160 835 1220 opportunam
853 1150 1005 1221 epistolam
1017 1165 1108 1218 nuper
1120 1149 1158 1210 ab
1170 1145 1238 1215 Epi·

272 1239 360 1296 scopo
373 1226 533 1296 Orgeliensi
550 1228 586 1284 de
607 1228 702 1284 studio
712 1229 873 1286 concordiae
894 1230 932 1284 ad
942 1230 1050 1284 clerum
1063 1241 1237 1298 gregemque

271 1303 367 1360 datam
382 1320 424 1372 42·
438 1335 474 1346 -
486 1307 599 1376 Agendi
621 1310 693 1363 ratio
714 1307 866 1364 discordiae
883 1317 1045 1364 amatorum
1069 1306 1238 1377 gravIssime

270 1393 471 1452 notatur42.-
485 1387 552 1442 Non
565 1388 710 1454 religionis
722 1388 773 1445 sed
786 1387 903 1444 alterius
913 1387 953 1445 rei
961 1387 1086 1442 studium
1099 1385 1237 1453 foventes,

270 1461 362 1518 iucem
375 1464 493 1520 oderant
506 1467 576 1521 caeci
597 1482 738 1522 caecormn
760 1467 848 1522 duces
861 1481 904 1534 4²·
918 1496 954 1507 —
968 1467 1045 1521 Inter
1055 1482 1127 1537 quos
1140 1463 1237 1518 dolen·

270 1540 339 1596 dum
358 1553 402 1598 est
423 1545 565 1613 quosdam
586 1545 796 1602 ecclesiasticos
818 1557 846 1602 et
866 1547 1014 1616 religiosos
1034 1547 1117 1613 viros,
1131 1543 1236 1598 inscios

270 1621 375 1692 forsan,
388 1623 504 1694 reperiri
517 1638 560 1693 43.
573 1655 609 1666 -
619 1625 710 1681 Valde
720 1625 787 1681 inde
807 1626 992 1682 commendat
1004 1624 1133 1680 Pontifex
1148 1625 1236 1678 zelum

272 1699 405 1758 PraesuIIs
418 1701 602 1773 Orgeliensis,
610 1706 690 1774 cujus
700 1722 772 1774 opus
781 1705 948 1775 praecellens
958 1714 1038 1774 optat
1048 1705 1109 1759 fore
1118 1703 1237 1774 perutile

272 1780 309 1835 ad
323 1781 499 1836 revocandos
512 1782 623 1838 animos
635 1783 842 1838 discordiarum
854 1794 925 1838 aestu
938 1785 1102 1838 laborantes
1114 1796 1157 1851 43.

239 1877 503 1932 ionersi-om
513 1883 1056 1947 adPhilippumiirohlepisoopum
1066 1883 1239 1934 Colonien-

204 1978 283 2017 sem.
298 1967 347 2018 De
359 1972 540 2030 quaestione
560 1973 682 2030 sociali,
697 1970 804 2034 deque
828 1971 1042 2022 missionibus
1061 1969 1236 2020 Africanis.

201 2052 525 2118 -20Apr11.1890.
1275 2067 1308 2119 44

307 2147 437 2204 Pontifex
449 2165 513 2204 sese
535 2151 685 2221 quaestioni
700 2146 797 2206 sociali
821 2154 944 2207 maxime
969 2153 1117 2220 prometur
1136 2149 1237 2204 sollici·

272 2239 332 2282 turn
344 2241 387 2294 44.
401 2256 436 2268 -
448 2227 494 2282 nd
507 2229 581 2284 hanc
595 2230 762 2285 solvendam
774 2231 901 2301 potiores
915 2239 1010 2300 partes
1024 2226 1155 2282 Ecclesia
1166 2226 1236 2298 agit·

270 2307 376 2378 quippe
388 2306 433 2362 cui
448 2308 637 2378 Evangelium
649 2310 834 2366 commissum
847 2321 899 2379 est,
912 2309 1011 2365 omnia
1019 2308 1084 2378 jura
1096 2323 1130 2362 ac
1143 2307 1238 2362 officia

271 2385 395 2456 perfecte
407 2388 601 2456 complectens
613 2403 694 2456 44-
702 2389 839 2444 Germani
851 2389 1001 2445 Antistites
1014 2387 1098 2456 hujus
1111 2385 1238 2445 veritatis

270 2465 355 2534 plane
379 2466 495 2534 conscii,
514 2467 683 2523 adlaborent
708 2470 846 2537 certatim,
872 2480 901 2522 ut
919 2485 1020 2538 greges
1046 2467 1083 2520 ad
1107 2483 1238 2521 nonnam

272 2543 376 2600 Christi
388 2543 477 2600 vitam
490 2545 604 2614 degant,
617 2558 646 2602 ut
659 2547 780 2602 servatis
786 2548 896 2618 justitia
905 2559 934 2603 et
956 2549 1082 2616 caritate,
1096 2546 1237 2601 molestiae

270 2624 403 2694 inopibus
416 2625 587 2694 minuantur,
601 2625 736 2681 divitibus
746 2628 887 2683 fraternus
895 2626 1009 2683 animus
1028 2638 1146 2682 acuatur
1158 2641 1174 2691 4
1178 2638 1239 2695 5.-

271 2703 478 2758 Germanorum
498 2705 573 2759 zelus
593 2717 621 2760 et
642 2721 730 2776 opera
750 2707 920 2774 landertun
945 2723 1010 2778 quae
1029 2716 1142 2776 optatur
1155 2715 1185 2760 ut
1197 2705 1238 2759 fo·
1264 2703 1266 2708 ’

274 2793 394 2836 veantur
405 2791 433 2837 et
446 2794 576 2839 crescant
589 2797 633 2854 45.

306 2863 363 2920 Sed
376 2874 404 2919 et
416 2863 568 2919 eruditioni
581 2865 767 2920 barbarorum
789 2865 913 2921 sollicita
925 2877 969 2922 est
989 2864 1128 2932 Ecclesia,
1142 2863 1237 2933 impri-

154 3001 169 3020 ἱ
269 2941 324 2996 mis
337 2960 412 2998 nunc
422 2941 549 2998 Africam
563 2943 746 2999 incolentium
759 2946 801 3012 46.
816 2945 939 3000 -Zelus
949 2941 1239 2999 Germaniaecatholi·

271 3037 313 3076 cae
325 3032 425 3091 aperto
433 3023 489 3078 sibi
498 3039 600 3094 campo
611 3039 669 3077 non
679 3022 753 3078 desit
765 3025 808 3090 46.
823 3052 858 3062 -
869 3023 1016 3078 Condatur
1025 3021 1186 3076 institutum
1200 3019 1238 3076 ad

270 3099 360 3156 instar
382 3101 494 3172 collegii
516 3101 625 3172 Belgici
647 3119 699 3173 pro
719 3101 884 3172 regionibus
907 3102 999 3170 Congi
1013 3101 1056 3168 46.
1070 3131 1105 3140 -
1120 3100 1239 3154 Collatis

273 3179 399 3236 consiliis
412 3181 621 3237 Gennanornm
634 3180 803 3236 Antistitum
815 3181 870 3235 hoc
883 3192 1081 3250 argumentum
1101 3179 1240 3233 instanter

273 3259 493 3316 commendatur
504 3273 547 3327 v7.

217 3358 278 3409 ii.
301 3359 540 3419 ALLOCUTIQ
560 3362 602 3412 ad
623 3362 710 3412 cives
732 3362 833 3412 Italos
854 3371 977 3424 magna
995 3360 1182 3422 frequentia
1195 3359 1239 3408 ad
1297 3375 1299 3378 ·

199 3449 330 3510 patrem
342 3451 562 3500 convolantes.
580 3451 626 3500 De
637 3449 755 3500 officiis
767 3451 928 3500 Italorum
942 3449 1191 3498 catholicorum.
1201 3469 1237 3480 -

198 3531 466 3598 20Aprii.1890
1274 3528 1308 3592 48

303 3629 416 3685 Amoris
437 3631 520 3701 signa
541 3633 578 3686 ab
601 3633 680 3686 Italis
701 3644 819 3701 accepta
839 3631 1003 3700 gratissima
1028 3630 1081 3684 sibi
1104 3629 1236 3684 Pontifex

268 3707 395 3764 declarat
417 3711 460 3776 48.
474 3740 510 3750 -
524 3711 643 3766 Maestus
665 3721 812 3766 enumerat
833 3712 909 3765 mala
934 3709 1095 3764 Ecclesiam
1110 3709 1137 3762 in
1153 3707 1238 3762 ltalia

268 3789 458 3857 opprimentia
481 3790 523 3844 vel
547 3791 572 3845 ei
598 3789 761 3844 minitantia
785 3791 827 3857 48.
853 3819 889 3829 -
915 3789 1135 3858 Ingravescente
1162 3787 1238 3842 bello

267 3867 399 3923 catholici
415 3869 479 3923 Itali
492 3881 607 3923 strenue
620 3881 715 3940 partes
730 3867 868 3924 Ecclesiae
881 3879 1013 3924 tueantur
1026 3882 1069 3935 49,
1086 3895 1119 3906 -
1133 3867 1236 3921 Gratu-

268 3946 343 4002 latur
363 3948 608 4018 peregrlnantibns
621 3947 664 4012 48.
679 3977 713 3987 -
734 3947 913 4016 Religionem
935 3948 1055 4002 tutando
1074 3947 1182 4017 optime
1196 3945 1237 3999 in·

270 4027 397 4082 serviunt
409 4027 508 4098 patriae
521 4041 564 4095 49.
578 4057 613 4066 -
627 4025 685 4082 Ubi
700 4026 756 4080 sint
770 4027 827 4082 veri
843 4026 935 4080 ltaliae
954 4026 1039 4080 amici
1053 4026 1180 4080 ostendit
1196 4037 1236 4093 50.

270 4135 305 4145 -
319 4107 415 4174 Quare
429 4107 492 4162 ltali
506 4105 613 4172 fideles,
623 4105 749 4160 consiliis
761 4121 851 4176 nuper
863 4123 881 4159 a
893 4122 924 4160 se
937 4105 1013 4160 datis
1026 4105 1237 4174 obtemperent,

276 4186 466 4320 vensrabilem
481 4187 595 4257 Luxago
608 4187 709 4243 imitati
720 4201 798 4256 50.—
809 4185 983 4241 Libertatem
997 4183 1112 4238 S.Sedis
1125 4195 1239 4238 strenue

271 4281 321 4319 vin
344 4275 420 4320 rcent
433 4279 473 4336 50.
