3362 4944
192 265 246 316 DE
258 267 567 322 FESTIVITATIBUS
588 269 629 322 IN
649 269 796 323 HONOR.
809 271 837 322 S.
853 269 982 322 ALOYS.
998 268 1208 322 GONZAGAE.
1230 265 1297 339 145

191 437 257 521 piis
273 439 365 504 hisce
374 440 527 523 precibus
537 441 684 524 benigne
695 440 914 505 adnuendum
927 439 1299 524 censuimusQuamob·
1327 500 1346 552 J
1345 501 1366 543 A
1370 456 1438 542 N1UA
1441 503 1470 544 R·

191 561 263 607 rem
290 544 333 609 de
367 543 621 628 Omnipotentis
651 543 717 610 Dei
745 543 971 610 misericordia
998 563 1037 608 ac
1068 543 1135 609 BB.
1152 544 1241 608 Petri
1266 551 1300 609 et
1369 551 1439 610 1891·

192 643 289 710 Pauli
305 647 551 730 Apostolorum
568 647 639 713 eius
655 647 857 720 auctoritate
872 645 1000 725 confisi,
1015 647 1171 712 omnibus
1187 653 1222 711 et
1233 645 1299 710 sin·
1333 661 1477 708 Postulan-

190 751 280 832 gulis
291 754 464 837 utriusque
480 773 583 818 sexus
597 750 878 830 christifidelibus,
889 751 946 836 qui
962 751 1125 818 triduanis
1140 750 1301 834 quotidie,
1326 720 1479 832 22:⁸51?ssss

189 853 244 919 vel
260 857 439 941 quinquies
466 857 587 922 saltem
604 855 861 922 novendialibus
888 855 1199 940 supplicationibus,
1214 873 1301 940 quae
1326 838 1479 958 ’ξῖᾗνξζξξζ

191 957 369 1026 habendae
382 971 461 1026 sunt
477 972 555 1027 ante
565 960 744 1026 Aloisiana
760 959 1064 1038 sollemnia,diebus
1080 978 1100 1022 a
1116 958 1301 1042 respectivo
1326 957 1479 1068 mm·

191 1060 257 1127 loci
274 1066 452 1131 Ordinatio
468 1065 695 1149 designandis,
710 1062 932 1141 interfuerint,
946 1073 981 1128 et
993 1064 1044 1128 vel
1062 1062 1136 1146 ipso
1150 1061 1205 1126 die
1216 1060 1302 1128 sesto
1326 1079 1378 1119 rum
1393 1075 1478 1144 innon

191 1165 246 1229 vel
259 1186 329 1232 uno
344 1187 389 1232 ex
405 1170 503 1234 dictis
515 1170 633 1234 diebus
646 1168 689 1233 ad
705 1168 866 1250 cuiusque
882 1165 1055 1232 arbitrium
1066 1164 1129 1231 sibi
1145 1165 1301 1248 eligendo
1326 1134 1469 1253 1³:325?

193 1289 271 1336 vere
280 1273 492 1353 poenitentes
504 1282 539 1338 et
550 1271 695 1337 confessi
705 1292 745 1336 ac
759 1270 1045 1338 S.Communione
1057 1269 1170 1335 relecti
1182 1289 1300 1353 quam·
1327 1250 1376 1344 ,Μ’

192 1373 277 1440 libet
307 1376 482 1441 ecclesiam
513 1375 565 1441 vel
597 1375 768 1460 publicum
800 1373 1004 1453 Oratorium,
1031 1373 1088 1439 ubi
1119 1373 1242 1438 festum
1267 1373 1301 1442 S.

191 1477 317 1544 Aloisii
334 1481 564 1559 celebrabitur,
578 1481 701 1545 devote
716 1478 935 1556 visitaverint,
951 1477 1063 1562 ibique
1073 1497 1140 1561 pro
1152 1477 1301 1544 christia-

190 1603 314 1648 norum
331 1586 520 1668 principum
536 1582 726 1662 concordia,
741 1583 918 1647 haeresum
935 1581 1170 1665 extirpatione,
1185 1601 1302 1664 pecca·

190 1695 306 1752 torum
328 1689 553 1765 conversione,
569 1708 608 1752 ac
625 1685 659 1753 S.
680 1685 800 1750 Matris
815 1685 989 1750 Ecclesiae
1004 1683 1214 1749 exaltatione
1228 1685 1302 1768 pias

188 1791 237 1854 ad
254 1792 368 1857 Deum
384 1813 498 1877 preces
515 1789 704 1869 effuderint,
714 1790 901 1874 plenariam
917 1789 1069 1856 omnium
1086 1797 1300 1871 peccatorum

192 1913 331 1960 suorum
348 1897 592 1980 indulgentiam
609 1905 644 1960 et
658 1895 888 1960 remissionem
905 1892 1163 1958 misericorditer
1177 1892 1212 1956 in
1230 1891 1301 1956 Do·

190 1999 287 2066 mino
303 2002 528 2066 concedimus.
545 2001 592 2064 Iis
607 2019 687 2063 vero
702 1997 865 2074 fidelibus,
887 1997 945 2082 qui
961 1997 1061 2062 corde
1085 1996 1205 2061 saltem
1221 2015 1300 2060 con·

187 2103 262 2170 triti
279 2105 354 2188 pias
377 2105 663 2189 peregrinationes
679 2104 722 2169 ad
739 2112 926 2168 memorata
947 2100 1021 2166 loca
1036 2099 1250 2179 confecerint,
1266 2110 1300 2166 et

186 2209 341 2292 parvulis
357 2211 459 2274 etiam
483 2229 546 2292 pro
561 2227 677 2274 eornm
700 2217 802 2290 captu
819 2225 1001 2289 eorumque
1023 2204 1227 2287 parentibus,
1242 2205 1299 2288 qui

187 2315 332 2378 nomina
352 2315 395 2378 ad
412 2313 671 2397 promerendum
687 2305 809 2376 Aloisii
824 2309 1047 2392 patrocinium
1064 2307 1301 2391 inscripserint,

185 2417 379 2483 dummodo
395 2417 559 2483 triduanis
583 2416 637 2481 vel
652 2414 908 2481 novendialibus
936 2412 1237 2497 supplicationibus
1264 2423 1301 2479 ut

189 2521 436 2602 supradictum
452 2530 503 2584 est
518 2517 719 2595 adstiterint,
729 2525 859 2601 septem
875 2533 982 2582 annos
993 2516 1201 2600 totidemque
1217 2535 1299 2598 qua·

185 2623 358 2707 dragenas
385 2625 428 2689 de
454 2623 612 2688 iniunctis
638 2622 685 2686 eis
701 2641 760 2686 seu
786 2621 869 2686 alias
894 2619 1152 2705 quomodolibet
1177 2621 1300 2686 debitis
1350 2619 1477 2723 {asperus

189 2729 409 2810 poenitentiis
435 2728 469 2792 in
486 2728 594 2792 forma
611 2725 786 2791 Ecclesiae
800 2732 963 2791 consueta
978 2724 1180 2792 relaxamus.
1206 2724 1299 2810 Quas
1321 2683 1406 2806 322ng
1415 2693 1476 2795 ller-

187 2850 313 2896 omnes
328 2843 362 2898 et
377 2833 526 2916 singulas
542 2831 778 2914 indulgentias,
794 2839 1007 2914 peccatorum
1024 2831 1245 2909 remissiones,
1261 2851 1299 2896 ac
1317 2801 1477 2916 llllrrlllm

191 2935 477 3016 poenitentiarum
490 2934 717 3000 relaxationes
726 2936 828 2999 etiam
839 2933 1015 2999 animabus
1027 2933 1301 3014 christifidelium,

188 3057 282 3122 quae
298 3039 375 3105 Deo
390 3041 424 3104 in
449 3039 612 3104 charitate
627 3038 827 3103 coniunctae
842 3037 886 3124 ab
901 3037 964 3102 hac
985 3037 1058 3102 luce
1075 3038 1301 3123 migraverint,

191 3163 254 3226 per
270 3144 409 3209 modum
421 3143 569 3227 suffragii
585 3140 745 3226 applicari
761 3161 860 3224 posse
876 3140 1097 3225 indulgemus.
1115 3143 1300 3208 Praesenti·

192 3247 259 3312 bus
282 3249 346 3314 hoc
363 3267 452 3314 anno
475 3257 608 3312 tantum
624 3244 783 3311 valituris.
807 3243 974 3310 Volumus
997 3254 1119 3323 autern,
1143 3255 1180 3309 nt
1206 3265 1300 3330 prae·

185 3352 341 3418 sentium
357 3354 542 3417 litterarum
559 3349 778 3432 transumptis
793 3369 851 3414 seu
868 3347 1033 3431 exemplis
1046 3349 1147 3413 etiam
1163 3349 1302 3433 impres·

190 3453 247 3531 sis,
264 3473 365 3519 manu
382 3454 524 3520 alicuius
541 3451 672 3518 Notarii
688 3451 813 3534 publici
829 3450 1034 3534 subscriptis,
1049 3458 1084 3516 et
1099 3451 1210 3534 sigillo
1228 3471 1301 3535 per-

188 3576 297 3623 sonae
312 3559 346 3623 in
370 3557 596 3624 ecclesiastica
613 3556 780 3639 dignitate
806 3553 1012 3620 constitutae
1027 3555 1165 3620 munitis
1182 3555 1301 3620 eadem

188 3679 328 3746 prorsus
339 3660 422 3728 fides
435 3660 732 3743 adhibeatur,quae
744 3657 959 3724 adhiberetur
968 3657 1049 3742 ipsis
1059 3659 1302 3741 praesentibus,

191 3765 222 3830 si
234 3763 347 3830 forent
363 3764 538 3831 exhibitae
554 3763 606 3828 vel
624 3772 789 3828 ostensae.

238 3869 368 3936 Datum
383 3871 516 3936 Romae
531 3868 622 3953 apud
638 3869 674 3935 S.
690 3868 827 3933 Petrum
843 3867 907 3933 sub
932 3865 1034 3932 anulo
1052 3866 1231 3931 Piscatoris
1247 3867 1302 3933 die

193 3993 212 4044 1
232 3975 382 4041 Ianuarii
401 3976 493 4056 1891,
509 3971 729 4040 Pontificatus
746 3971 862 4036 Nostri
878 3991 969 4036 anno
990 3970 1123 4036 decimo
1137 3973 1245 4038 tertio.

648 4075 695 4141 M.
711 4075 827 4142 Can.
843 4071 1216 4142 LEDOCHOWSKI.

254 4406 332 4454 Aera
348 4405 449 4452 Lsours
466 4401 536 4449 xlll.
