3354 4938
252 719 321 777 Quid
328 731 379 762 mu·

229 777 380 825 nerirflnti·

227 837 325 884 stitilus
341 837 379 883 iu·

227 897 329 944 cunstat.

228 1579 314 1684 <¹&uid
322 1579 381 1638 jure

275 1638 380 1684 auctori·

229 1697 379 1757 latepuliica

228 1762 342 1818 speretur.

277 2919 383 2966 Praesen-

233 2976 297 3024 rium
305 2987 383 3025 aueto-

233 3037 298 3084 ritas
335 3040 384 3096 fir·

234 3101 323 3144 matur.

409 341 483 412 230
585 339 733 391 ereren.
753 337 881 390 aposs.
905 323 926 352 ¹‘
945 335 1025 387 nou
1045 336 1163 388 mnus
1183 335 1295 387 uours
1315 369 1336 398 „

405 514 530 581 titulari
546 513 686 579 ecclesia
702 511 913 596 Calyndensi
923 512 966 578 ad
983 512 1209 596 episcopalem
1226 511 1340 577 sedem
1353 511 1513 576 Hacoda·

404 628 534 684 tensem
550 615 781 683 transferimus
796 626 830 681 et
846 635 1093 700 promovemus.

448 721 703 805 Archiepiscopi
728 730 840 785 autern
868 729 902 784 et
930 719 1176 802 Episcoporum
1205 737 1325 784 munus
1348 717 1410 782 erit
1433 735 1514 780 con·

405 827 526 891 iunctis
549 825 669 890 animis
684 834 718 889 et
734 823 853 888 studiis
876 823 939 887 rite
961 822 1158 889 ordinandis
1181 822 1341 887 ecclesiae
1357 823 1455 888 rebus
1478 831 1514 886 et

405 931 529 998 Christi
545 927 684 994 Domini
701 947 805 1012 regno
819 925 1059 1010 amplificando
1068 945 1206 1011 operam
1220 946 1352 1004 navare,
1364 926 1514 1009 itemque

405 1043 514 1100 rectae
531 1052 639 1099 rerum
655 1052 824 1097 sacrarum
845 1031 1127 1096 administrationi
1151 1038 1307 1096 accurate
1328 1029 1516 1095 consulere.

406 1137 514 1204 Nobis
529 1146 643 1202 autem
658 1136 740 1200 nihil
756 1153 904 1219 unquam
917 1134 1088 1219 antiquius
1104 1135 1263 1214 futurum,
1278 1154 1380 1219 quam
1396 1143 1514 1199 aucto-

404 1242 512 1318 ritate,
523 1238 671 1316 consilio,
686 1258 750 1322 ope
766 1238 892 1304 Nostra
908 1239 1027 1303 iisdem
1050 1249 1185 1322 praesto
1202 1239 1323 1303 esseio
1344 1236 1515 1316 omnibus,

404 1364 490 1429 quae
505 1344 549 1409 ad
565 1343 669 1408 divini
685 1341 830 1407 nominis
841 1340 984 1425 gloriam
1000 1351 1034 1406 et
1050 1342 1239 1407 animarum
1250 1341 1392 1406 salutern
1408 1341 1512 1424 perti·

406 1468 485 1514 nere
506 1447 779 1513 intellexerimus.

450 1552 538 1620 Cum
563 1571 662 1635 porro
689 1548 838 1632 laponiei
863 1547 994 1632 imperii
1019 1549 1168 1614 studium
1185 1549 1370 1614 luculenter
1384 1548 1512 1614 eniteat

407 1659 439 1722 in
456 1659 496 1722 iis
512 1653 720 1740 peragendis,
735 1673 821 1738 quae
844 1653 887 1718 ad
904 1652 1093 1731 utilitatem,
1121 1653 1388 1736 prosperitatem,
1409 1653 1514 1718 decus

408 1761 557 1845 laponicl
574 1759 718 1823 nominis
731 1757 942 1841 potissimum
968 1767 1134 1840 spectant,
1150 1756 1231 1820 nihil
1248 1757 1443 1823 dubitamus
1453 1777 1515 1822 au·

406 1864 561 1932 ctoritate
576 1861 709 1946 publica
724 1872 860 1927 cautum
876 1859 955 1939 lore,
971 1870 1008 1925 ut
1032 1863 1127 1926 novis
1143 1862 1333 1946 pastoribus
1348 1863 1448 1945 plena
1471 1881 1514 1926 ea

404 1968 542 2032 libertas
559 1966 730 2030 ministerii
747 1975 886 2042 constet,
901 1965 994 2030 cuius
1021 1985 1086 2048 ope
1102 1984 1170 2030 non
1198 1965 1302 2030 modo
1327 1965 1512 2031 christiana

406 2069 580 2156 sapientia,
596 2070 654 2133 sed
673 2089 768 2132 verae
782 2067 885 2133 etiarn
901 2068 1120 2133 humanitatis
1137 2068 1209 2132 laus
1225 2069 1259 2132 in
1275 2067 1419 2151 populos
1435 2087 1512 2152 pro·

406 2184 558 2262 pagatur.
574 2173 715 2238 Annuat
730 2173 823 2237 dives
839 2171 872 2236 in
890 2171 1117 2237 misericordia
1130 2171 1234 2249 Deus,
1248 2172 1306 2254 qui
1317 2169 1397 2236 lacit
1414 2173 1513 2236 mira-

405 2280 485 2345 bilia
508 2297 632 2361 magna
656 2275 756 2350 solus,
782 2285 819 2341 ut
844 2294 923 2340 suae
947 2275 1110 2340 bonitatis
1126 2275 1252 2341 divitiis
1268 2277 1301 2339 in
1319 2276 1416 2340 unius
1433 2275 1513 2340 fidei

405 2381 613 2460 confessione
628 2381 708 2446 etin
720 2379 903 2445 catholicae
915 2378 1086 2444 Ecclesiae
1100 2380 1230 2464 gremio
1243 2379 1403 2462 laponiae
1418 2381 1513 2444 cives

406 2485 550 2551 universi
563 2483 632 2548 late
648 2484 870 2567 perfruantur.

451 2586 671 2652 Decernimus
697 2587 835 2651 tandem
855 2587 916 2651 has
934 2587 1075 2652 Nostras
1095 2587 1221 2651 litteras
1249 2585 1341 2651 nullo
1362 2605 1514 2671 unquam

407 2700 559 2774 tempore
583 2692 626 2758 de
648 2690 873 2773 subreptionis
892 2699 950 2755 aut
966 2689 1175 2773 obreptionis
1198 2690 1282 2755 vitio
1309 2691 1379 2754 sive
1405 2691 1517 2756 inten-

407 2793 508 2858 tionis
532 2794 687 2872 Nostrae,
711 2793 843 2878 alioque
867 2796 985 2876 quovis
1010 2794 1143 2860 delectu
1169 2796 1279 2859 notari
1314 2795 1366 2859 vel
1403 2795 1516 2879 impu-

408 2899 503 2980 gnari
535 2917 642 2980 posse,
676 2907 709 2962 et
732 2917 864 2980 semper
885 2897 1013 2962 validas
1037 2917 1076 2962 ac
1108 2895 1222 2962 firmas
1253 2897 1333 2976 lore,
1366 2917 1515 2981 suosque

408 3000 547 3068 effectus
580 3001 614 3066 iu
645 3001 801 3066 omnibus
811 2999 963 3066 obtinere
972 3022 1011 3066 ac
1022 3000 1256 3066 inviolabiliter
1281 3001 1447 3066 observari
1458 3002 1520 3066 de-

409 3107 496 3173 bere.

454 3210 532 3275 Non
548 3207 760 3274 obstantibus
776 3205 983 3291 Apostolicis
1009 3216 1111 3291 atque
1136 3208 1169 3272 in
1187 3206 1415 3292 synodalibus,
1440 3228 1519 3292 pro·

408 3309 604 3375 vincialibus
619 3318 654 3373 et
673 3306 914 3375 universalibus
938 3307 1086 3373 conciliis
1101 3309 1201 3374 editis
1222 3308 1436 3393 generalibus
1457 3309 1514 3373 vel

408 3413 607 3497 specialibus
629 3411 867 3489 sanctionibus,
891 3431 952 3477 nec
969 3431 1035 3476 non
1051 3421 1202 3478 veterum
1218 3412 1348 3478 sedium
1364 3413 1518 3478 existen·

406 3517 492 3581 tium
508 3515 588 3582 olim
602 3516 638 3584 in
655 3517 784 3600 Iapone
798 3525 833 3581 et
850 3515 1046 3581 missionum
1069 3537 1108 3582 ac
1124 3513 1345 3582 vicariatuum
1362 3515 1518 3600 Aposto-

407 3622 547 3687 licorum
568 3621 614 3686 ibi
638 3619 905 3696 constitutorum,
928 3630 962 3685 et
987 3639 1273 3706 quarumcumque
1299 3619 1517 3686 ecclesiarum

406 3747 447 3792 ac
462 3725 592 3810 piorum
609 3724 758 3789 locorum
774 3723 901 3790 iuribus
925 3733 984 3789 aut
999 3724 1190 3808 privilegiis,
1204 3725 1393 3790 iuramento
1408 3724 1514 3788 etiam

406 3830 661 3898 confirmatione
676 3829 884 3913 Apostolica,
899 3840 957 3895 aut
973 3829 1039 3896 alia
1054 3850 1266 3915 quacumque
1288 3829 1447 3896 firmitate
1462 3851 1517 3896 ro·

407 3935 542 4015 boratis,
557 3933 743 4016 ceterisque
757 3934 931 3999 contrariis
941 3935 1215 4018 quibuscumque.
1231 3931 1296 3998 His
1305 3934 1394 4000 enirn
1404 3933 1518 3999 omni·

406 4040 470 4105 bus
478 4038 613 4104 tametsi
622 4056 682 4121 pro
691 4036 823 4102 illorum
831 4037 1050 4122 derogatione
1059 4037 1213 4120 specialis
1223 4038 1350 4102 mentio
1358 4036 1516 4102 iacienda

407 4149 504 4221 esset,
520 4151 579 4207 aut
593 4140 659 4206 alia
670 4139 887 4224 quantumvis
903 4140 1074 4225 exquisita
1090 4140 1197 4206 forma
1213 4141 1384 4217 servanda,
1397 4149 1518 4223 quate·

408 4267 470 4311 nus
482 4244 682 4328 supradictis
691 4245 829 4310 obstant
838 4265 996 4329 expresse
1006 4246 1217 4329 derogamus.
1234 4245 1368 4309 Irritum
1380 4265 1519 4328 quoque

407 4359 441 4415 et
457 4348 556 4414 inane
571 4347 793 4426 decernimus,
807 4349 835 4412 si
852 4368 947 4413 secus
963 4347 1129 4434 superbis
1154 4368 1175 4413 a
1200 4366 1380 4432 quoquam,
1396 4349 1519 4429 quavis
