3354 4938
224 570 246 584 Ἴ
511 469 1014 553 MOTU-PROPRIO
1275 547 1297 587 ,Α

286 629 352 689 on
375 629 618 690 umorum
640 627 856 689 spacuna
882 627 1236 691 Asnaouonrrca
1275 587 1303 725 {2ss

333 781 1189 846 RESTITUENDAETAMPttstchhnA.

401 1128 432 1194 T
451 1127 628 1210 mysticam
646 1124 814 1210 Sponsam
831 1123 965 1204 Christi,
988 1125 1046 1210 qui
1071 1125 1131 1190 lux
1146 1147 1224 1192 vera
1250 1138 1312 1207 est,
1348 1144 1473 1233 marm

262 1225 337 1386 U
419 1233 453 1295 in
470 1239 701 1313 contemptum
715 1238 749 1294 et
758 1229 918 1295 invidiam
930 1240 1089 1294 vocarent
1098 1231 1309 1297 tenebrarum
1375 1241 1441 1304 1891·
1484 1319 1487 1324 Ι

205 1124 394 1496 ΕΞ
424 1335 482 1399 filii
498 1355 701 1400 consuevere
715 1335 749 1399 in
766 1334 886 1418 vulgus
902 1354 976 1400 eam
993 1334 1127 1400 vecordi
1143 1336 1310 1402 calumnia
1343 1351 1485 1422 seelestam,

420 1434 429 1449 .
1081 1439 1089 1454 .
1337 1410 1433 1456 cansa

419 1443 589 1516 impetere,
614 1448 658 1516 et,
681 1457 841 1503 conversa
867 1458 977 1503 rerum
997 1458 1240 1524 nominumque
1260 1459 1310 1504 ra·
1335 1470 1459 1538 sponsans,

201 1541 296 1605 tione
311 1547 345 1604 et
366 1539 409 1615 ui,
422 1537 625 1621 compellare
639 1535 852 1606 obscuritatis
867 1543 1021 1620 amicam,
1045 1542 1194 1605 altricem
1215 1543 1309 1625 igno·
1335 1529 1486 1634 ξζὴᾶὶη.

200 1643 341 1720 tantiae,
364 1641 578 1706 scientiarum
596 1639 713 1705 lumini
741 1650 774 1704 et
789 1646 979 1723 progressui
1006 1645 1182 1705 infensam.
1196 1679 1240 1690 -
1260 1647 1310 1705 At
1326 1653 1383 1760 ἧς
1401 1645 1488 1758 m·

200 1767 290 1833 quae
305 1746 421 1830 primis
436 1744 480 1810 ab
495 1744 644 1810 exordiis
668 1743 820 1810 Ecclesia
842 1745 947 1826 gessit
966 1753 1000 1810 et
1014 1744 1131 1810 docuit
1145 1745 1309 1824 homines,
1334 1764 1378 1804 tur
1392 1705 1486 1818 parque

200 1871 243 1916 ea
258 1851 339 1916 satis
349 1848 502 1914 refellunt
518 1857 553 1912 et
561 1857 749 1931 coarguunt
762 1848 1041 1930 turpismendacii
1054 1849 1307 1932 impudentiam.
1334 1818 1486 1871 dmm*

199 1954 294 2020 Nam
309 1961 442 2036 praeter
453 1951 608 2016 notitiam
622 1970 730 2016 rerum
742 1951 942 2030 divinarum,
951 1951 985 2016 in
997 1971 1065 2042 qua
1076 1953 1225 2017 veritatis
1237 1953 1308 2018 sola
1334 1977 1486 2025 aretusae·

200 2058 364 2140 magistra
379 2055 451 2132 init,
466 2054 725 2139 praestantiores
735 2055 837 2120 etiam
848 2055 1080 2139 philosophiae
1091 2065 1213 2138 partes,
1222 2075 1309 2140 quae
1333 2037 1438 2097 ⁰¹⁰5&

201 2180 337 2226 summa
351 2167 505 2225 statuunt
520 2159 684 2243 principia
698 2167 732 2223 et
759 2157 979 2224 fundamenta
995 2159 1208 2224 scientiarum
1235 2178 1306 2224 om·
1360 2229 1362 2232 ,

200 2265 307 2342 nium,
330 2283 459 2347 quaeve
485 2262 649 2329 rationem
674 2263 825 2328 veritatis
849 2264 1068 2347 detegendae,
1092 2272 1247 2347 recteque
1267 2284 1306 2329 ac
1328 2297 1473 2358 plump.

199 2367 369 2433 subtiliter
391 2367 576 2433 disserendi
603 2366 751 2446 tradunt,
775 2367 827 2431 vel
855 2368 960 2433 animi
975 2368 1042 2432 vim
1071 2386 1109 2432 ac
1130 2366 1306 2434 facultates
1332 2357 1373 2410 ⁶²³⁵

200 2473 385 2557 explicant,
406 2480 465 2538 aut
485 2472 519 2538 in
542 2472 647 2537 vitam
670 2472 845 2538 hominum
863 2492 1038 2556 moresque
1060 2472 1242 2557 inquirunt,
1259 2473 1305 2538 ita

198 2599 261 2664 per
271 2577 437 2643 Doctores
448 2596 527 2641 suos
536 2575 686 2641 excoluit
697 2586 732 2641 et
744 2575 968 2654 illustravitut
978 2575 1113 2641 difficile
1124 2577 1168 2640 sit
1180 2595 1304 2640 novum

199 2679 327 2766 aliquid
343 2678 505 2744 memoria
521 2677 662 2762 dignum
678 2679 718 2742 iis
733 2679 886 2758 adiicere,
901 2680 1123 2763 periculosum
1148 2681 1191 2744 sit
1206 2680 1250 2744 ab
1266 2679 1305 2743 iis

198 2784 380 2850 discedere.
405 2781 612 2849 -Summa
637 2791 810 2865 praeterea
831 2782 904 2848 laus
931 2793 983 2849 est
1008 2783 1187 2861 Ecclesiae,
1213 2783 1305 2866 quod
1330 2785 1481 2888 cisami·

199 2889 279 2953 iuris
294 2887 507 2972 prudentiam
523 2886 698 2970 perfecerit
714 2896 815 2970 atque
831 2887 1017 2970 expolierit,
1029 2907 1090 2952 nec
1101 2886 1169 2951 ulla
1180 2887 1305 2952 delebit
1367 2877 1373 2896 '

197 2991 324 3057 oblivio
339 2997 504 3073 quantum
520 2987 594 3073 ipsa
609 2989 752 3054 contulit
766 2989 936 3068 doctrinis,
948 2990 1113 3072 exemplis
1129 2997 1163 3054 et
1173 2991 1303 3054 institu-

197 3098 241 3162 tis
265 3095 334 3161 suis
361 3093 404 3158 ad
435 3092 602 3177 implexas
617 3093 830 3177 quaestiones
856 3092 1096 3177 expediendas,
1121 3093 1155 3157 in
1182 3092 1304 3176 quibus

197 3198 377 3280 scriptores
390 3196 530 3260 haerent
549 3196 774 3273 scientiarum,
799 3215 885 3279 quae
901 3195 1110 3260 oeconomicae
1125 3206 1159 3260 et
1173 3195 1304 3260 sociales

197 3303 408 3368 audiunt-
424 3300 562 3366 Interim
578 3321 657 3366 vero
674 3321 716 3366 ne
738 3301 812 3366 illas
827 3299 963 3384 quidem
980 3300 1132 3384 neglexit
1155 3300 1303 3385 discipli·

197 3425 258 3471 nas
272 3425 360 3490 quae
375 3404 409 3469 in
432 3414 572 3470 naturae
587 3405 724 3488 eiusque
738 3405 857 3469 virium
874 3403 1106 3488 exploratione
1120 3415 1303 3471 versantur.

197 3508 339 3576 Scholas
356 3527 502 3592 namque
525 3509 677 3575 condidit
692 3518 725 3573 et
751 3528 866 3574 musea
881 3508 1050 3588 instruxit,
1073 3529 1141 3592 quo
1157 3513 1302 3594 penitius
1323 3504 1435 3564 tlfll‘f'·

196 3614 272 3679 illas
286 3614 441 3679 iuventus
456 3611 652 3692 addisceret,
667 3633 812 3696 suosque
827 3613 913 3677 inter
935 3611 1021 3678 filios
1037 3624 1071 3678 et
1086 3614 1301 3678 administros

196 3715 349 3801 egregios
374 3715 492 3782 habuit
515 3735 629 3780 earum
654 3715 808 3796 cultores,
832 3736 917 3800 quos
943 3736 1008 3800 ope
1034 3736 1094 3780 sua
1118 3719 1251 3781 adiutos
1267 3727 1301 3783 et

195 3831 334 3888 ornatos
348 3820 475 3886 honore
489 3821 533 3885 ad
549 3840 590 3886 ea
601 3819 713 3886 studia
730 3821 914 3904 impensius
929 3820 1071 3886 colenda
1086 3820 1301 3887 excitavit-
1378 3864 1477 3911 Em

197 3927 336 3992 Eminet
351 3925 385 3990 in
394 3924 459 3990 hoc
472 3925 686 3991 scientiarum
701 3945 839 3991 numero
848 3925 1183 4008 astronomia,quippe
1196 3926 1251 3990 cui
1261 3946 1301 3992 ea
1326 3923 1394 4028 {gfff
1401 3924 1478 4029 2⁶1⁸?ss

195 4030 371 4116 proposita
386 4037 464 4094 sunt
485 4029 695 4113 vestiganda,
705 4049 792 4114 quae
802 4048 883 4113 prae
894 4029 1012 4094 ceteris
1032 4029 1189 4096 inanimis
1201 4032 1300 4097 rebus
1327 4040 1415 4090 nomia·

194 4144 352 4202 enarrant
372 4134 513 4220 gloriam
531 4135 606 4214 Dei,
632 4155 671 4200 ac
683 4135 828 4201 virorum
841 4135 992 4199 omnium
1016 4135 1299 4217 sapientissimum

193 4237 334 4304 mirifice
357 4238 581 4316 delectabant,
604 4237 661 4321 qui
682 4237 807 4302 lumine
831 4237 991 4302 divinitus
1015 4237 1124 4302 indito
1140 4259 1238 4304 nosse
1264 4259 1300 4304 se

192 4341 384 4408 laetabatur
399 4340 563 4426 imprimis
582 4339 693 4410 <anni
699 4361 813 4406 cursus
822 4351 855 4405 et
868 4339 1038 4406 sullanam
1049 4340 1297 4420 dispositiones)
