3362 4944
397 293 466 342 100
502 293 598 343 LITT.
619 289 746 342 APOST.
770 277 790 306 ¹⁶
810 289 934 342 RELIG.
954 287 1057 340 ORDO
1081 287 1289 338 BENEDICTI
1307 287 1439 340 PATRIS
1458 321 1480 351 ,‚

390 465 621 547 quaestionem
638 464 818 542 adducant,
834 462 1062 546 congregatio
1085 483 1127 526 ne
1143 462 1497 546 Anglo-Benedictina

390 588 499 653 perse
515 578 549 633 et
564 569 685 634 natura
702 588 764 645 sua
780 566 966 632 monastica
980 567 1079 632 sitan
1093 567 1294 632 missionalis
1310 589 1319 646 ;
1337 567 1497 652 itemque,-

390 683 500 739 utrum
517 674 561 737 ad
574 671 776 738 monasteria
785 690 918 736 summa
927 671 1104 755 potestatis
1114 670 1290 754 pertineat,
1298 671 1344 736 ob
1353 691 1495 756 eamque

390 795 541 840 caussam
558 775 704 841 debeant
715 773 781 838 illis
793 774 967 839 missiones
983 776 1108 858 parere,
1119 794 1162 838 an
1175 794 1255 840 vero
1270 775 1314 840 sit
1330 774 1495 840 missioni-

390 880 452 945 bus
468 881 634 964 integrum
650 880 719 943 suis
735 879 876 962 propriis
892 877 1022 962 legibus
1038 877 1158 957 facere,
1173 878 1267 943 omni
1282 880 1401 945 solutis
1413 899 1494 962 erga

214 983 365 1099 „·{⁰''{⁷,‘{‘,{,
390 982 446 1048 ilia
461 983 631 1067 obsequio.
646 1020 690 1034 -
715 983 868 1048 Iamvero
891 982 1102 1066 apertissime
1128 991 1222 1067 patet
1250 982 1494 1068 congregatio-

213 1109 365 1171 nanama-
390 1108 466 1152 nem
483 1086 867 1172 Anglo-Benedictinam
884 1097 1003 1171 suapte
1026 1094 1146 1152 natura
1162 1087 1384 1154 monasticam
1397 1107 1494 1166 esse;

209 1173 364 1271 ἷῖἷωῃόἷῧζ
389 1203 527 1258 eatenus
543 1202 656 1257 autem
673 1190 910 1270 missionalem,
924 1191 1004 1275 quia
1022 1200 1058 1256 et
1083 1190 1157 1256 aliis
1182 1210 1357 1257 munerum
1383 1211 1494 1258 sacro·

213 1277 365 1383 22252222„
389 1316 462 1360 rum
477 1295 597 1361 officiis
612 1305 645 1360 et
662 1294 875 1361 missionibus
890 1296 1014 1380 pariter
1029 1296 1110 1360 dare
1133 1315 1271 1379 operam
1297 1294 1470 1360 consuevit
1485 1319 1494 1358 ε

207 1404 363 1514 {mes
389 1422 433 1466 ex
448 1421 517 1485 quo
542 1419 649 1484 aeque
675 1409 769 1484 patet
789 1400 912 1464 debere
939 1398 1114 1464 missiones
1131 1400 1352 1478 monasteriis,
1368 1419 1494 1484 nequa-

332 1491 336 1501 '
388 1523 489 1589 quam
503 1503 585 1568 haec
601 1503 675 1583 iliis,
690 1523 813 1587 parere.
843 1503 882 1567 Id
900 1502 1026 1586 quippe
1041 1500 1180 1567 omnino
1204 1503 1361 1585 exposcit
1386 1498 1493 1586 ipsius

387 1607 473 1673 ratio
497 1614 531 1671 et
556 1625 673 1671 caussa
690 1606 979 1690 Congregationis,
994 1606 1192 1672 concinente
1218 1606 1332 1691 palam
1351 1606 1492 1673 historia

212 1715 363 1820 orssntngg
387 1720 482 1777 teste.
499 1710 545 1775 Et
560 1710 633 1794 ipsa
647 1712 747 1786 enim,
759 1721 797 1776 ut
813 1712 897 1776 alius
912 1712 1022 1795 quivis
1037 1710 1268 1794 religiosorum
1293 1711 1398 1791 Ordo,
1421 1711 1492 1777 duo

211 1833 362 1893 dupliciae·
387 1815 563 1899 quaedam,
584 1813 725 1880 alterum
756 1816 800 1881 ab
830 1816 936 1881 altero
960 1814 1158 1881 distinctum
1185 1825 1361 1900 tamquam
1400 1814 1492 1892 fines,

209 1899 365 2012 ζῗῇζζῶἶζξ]
387 1928 517 2004 spectat
533 1928 567 1983 et
582 1920 745 2002 sequitur:
761 1919 917 2003 primum,
937 1927 975 1984 ut
995 1919 1150 1984 alumnos
1164 1922 1207 1985 ad
1229 1939 1366 1985 omnem
1389 1920 1493 1985 animi

211 2012 359 2116 ssffss-'quff
387 2023 645 2089 sanctimoniam
670 2024 884 2090 consiliorum
918 2022 1186 2107 evangelicorum
1214 2025 1319 2088 ductu
1351 2024 1495 2104 erudiat,

212 2144 264 2241 ξιξ,
287 2136 363 2248 effi
388 2126 544 2211 operibus
560 2130 600 2194 iis
616 2128 794 2212 fungendis
810 2127 972 2213 quaesibi
991 2147 1036 2192 ex
1046 2127 1115 2192 suis
1127 2126 1257 2212 iegibus
1268 2129 1403 2212 propria
1414 2137 1495 2194 sunt

212 2254 331 2318 naturam
389 2237 422 2295 et
437 2232 637 2316 praecipua;
651 2230 856 2315 proximum,
871 2241 909 2296 ut
924 2229 989 2295 alia
1012 2241 1145 2298 accuret
1170 2239 1204 2296 et
1227 2241 1368 2316 peragat
1392 2253 1495 2316 opera

208 2315 363 2428 gjmffi
388 2333 431 2397 ad
447 2353 534 2418 quae
544 2345 717 2401 actuosam
733 2353 870 2398 suorum
883 2335 1041 2398 virtutem
1054 2333 1223 2417 porrigere
1239 2334 1347 2419 possit
1361 2344 1396 2399 et
1404 2334 1496 2400 velit.

213 2427 264 2475 mir.
391 2436 430 2522 In
456 2457 498 2501 eo
523 2438 625 2521 igitur
647 2436 757 2522 primo
784 2455 887 2520 quum
905 2437 955 2501 vis
971 2445 1005 2500 et
1021 2443 1141 2500 natura
1164 2435 1302 2502 Ordinis
1318 2435 1427 2520 posita
1443 2436 1496 2515 sit,

387 2540 466 2604 inde
481 2535 631 2624 proiecto
647 2559 784 2604 normae
799 2548 833 2604 et
848 2537 949 2620 leges,
963 2539 1086 2621 quibus
1106 2539 1177 2623 ipse
1192 2538 1364 2623 dirigatur,
1379 2548 1496 2624 peten-

387 2645 451 2708 dae
465 2668 472 2708 :
488 2644 614 2709 eisdem
636 2664 716 2708 vero
742 2643 871 2726 iegibus
896 2653 1016 2720 cetera,
1031 2662 1263 2727 quaecumque
1287 2644 1322 2708 in
1339 2643 1497 2727 proximo

388 2747 609 2827 continentur,
621 2765 757 2815 necesse
768 2756 819 2811 est
828 2746 1057 2830 obsequantur
1068 2755 1102 2811 et
1114 2747 1270 2825 serviant,
1282 2767 1496 2832 nequaquam

214 2896 279 2948 lm,
288 2909 363 2953 qum
388 2861 513 2930 contra,
539 2852 630 2935 quod
655 2859 867 2934 praepostere
891 2848 1000 2917 suerit.
1015 2887 1058 2900 -·
1075 2850 1195 2934 Itaque
1219 2849 1497 2935 Augu-Benedi-

213 2956 363 3072 gssnsjggb·
389 2957 498 3022 ctinae
514 2955 792 3041 congregationis
804 2955 854 3020 vis
866 2963 901 3020 et
917 2965 1045 3035 natura,
1056 2975 1158 3039 quam
1171 2977 1244 3020 esse
1257 2977 1498 3041 usquequaque

214 3073 346 3135 Beneuen-
389 3061 609 3126 monasticam
636 3071 670 3126 et
693 3059 829 3143 regulae
854 3059 946 3143 ipsae
971 3070 1005 3125 et
1029 3060 1287 3126 constitutiones
1309 3069 1343 3126 et
1358 3060 1497 3126 annales

214 3148 273 3237 ζ’ἶέω
284 3147 365 3244 ’ζ’ἷῖζῗζ
387 3163 567 3244 declarant,
582 3164 647 3229 hoc
661 3184 723 3229 suo
738 3163 810 3228 vult
826 3164 906 3242 iure,
926 3173 964 3228 ut
988 3163 1046 3247 qui
1070 3163 1282 3228 monasteriis
1303 3163 1497 3247 plenarum

213 3252 363 3354 Zssbss‘ssffl,
389 3277 555 3351 potestate
570 3268 727 3351 praesint,
739 3267 841 3332 iidem
854 3267 962 3350 ipsam
979 3268 1135 3332 omnibus
1152 3269 1312 3351 partibus,
1328 3269 1398 3332 sive
1408 3269 1498 3334 intra

214 3370 363 3475 zb'jssffg‘ts‘·
389 3371 625 3437 coenobiorum
641 3379 746 3455 septa,
761 3371 831 3434 sive
842 3380 950 3449 extra,
965 3370 999 3433 in
1015 3370 1107 3435 varia
1124 3390 1298 3436 munerum
1316 3369 1498 3448 functione,

389 3475 460 3558 pari
476 3495 552 3539 cum
568 3483 736 3559 potestate
760 3483 878 3556 regant
905 3482 939 3538 et
965 3475 1190 3540 moderentur.
1205 3512 1249 3526 -
1266 3474 1386 3559 Neque
1401 3495 1498 3540 secus

214 3588 365 3693 2232ng
389 3579 530 3642 decursu
545 3587 734 3662 temporum
759 3585 880 3641 actum.
899 3576 1036 3642 Etenim
1049 3597 1139 3641 anno
1154 3579 1216 3658 596
1232 3576 1267 3642 S.
1282 3575 1498 3660 Augustinus

213 3708 288 3752 suna
297 3707 364 3766 pru.
390 3701 547 3747 unacum
564 3681 661 3746 sociis
677 3679 850 3745 monachis
865 3680 907 3744 ad
936 3680 1169 3763 quadraginta,
1184 3681 1274 3745 iussu
1293 3679 1326 3746 S.
1344 3680 1498 3764 Gregorii

210 3767 364 3885 3223?ss
390 3788 518 3870 Magni,
542 3786 575 3848 in
601 3784 761 3868 Angliam
789 3784 937 3868 perrexit
958 3794 1129 3868 urgentes
1156 3785 1232 3850 illas
1257 3785 1306 3850 ad
1327 3785 1498 3852 Clm’stnm

214 3887 364 4003 {swa
387 3899 581 3956 converteret
589 3913 604 3967 ,·
627 3888 684 3953 ubi
707 3888 872 3954 voluntati
898 3888 1068 3954 Pontificis
1094 3890 1343 3972 religiosissime
1365 3890 1498 3956 obtem·

214 4006 359 4107 miii&
388 4016 517 4078 perans,
532 4015 595 4058 non
609 3992 693 4057 alios
707 3992 877 4056 ministros
892 3991 1040 4056 instituit
1052 4013 1118 4056 csse
1132 4013 1234 4075 quarn
1250 3993 1420 4058 monachos
1447 3993 1498 4078 (¹).

213 4109 264 4167 ΜΠ
310 4137 362 4168 con.
390 4099 465 4163 Hac
481 4101 523 4162 de
539 4118 656 4161 caussa
672 4097 816 4179 primum
833 4115 1010 4179 aggressus
1026 4096 1131 4160 estad
1149 4097 1389 4162 monasterium
1407 4096 1496 4163 Can·

212 4183 274 4226 dim·
388 4203 523 4278 tuariae,
539 4201 571 4263 in
589 4200 669 4264 urbe
685 4198 843 4282 principe,
855 4196 1111 4276 aedificandum,
1127 4219 1146 4262 a
1163 4218 1230 4282 quo
1246 4199 1356 4263 omnis
1372 4197 1498 4263 deinde

419 4345 437 4376 1.
457 4329 581 4380 Mabillon,
593 4327 688 4373 Annnl.
702 4327 823 4384 benedict,
835 4341 874 4374 an.
888 4329 940 4375 601.
