3364 4928
397 293 418 363 8
490 312 637 362 mrrmr,
659 311 815 362 encres.
839 302 859 325 ⁶·
879 311 1105 364 snrmurms
1129 311 1387 364 crrmsrmuns
1406 347 1426 375 ,‚

209 485 368 604 fig‘slgjjig
394 498 453 554 aut
468 489 607 554 omnino
627 499 793 573 expertes,
808 488 954 553 dubitari
979 510 1045 554 non
1074 499 1194 573 potest.
1216 490 1302 557 Cum
1319 499 1416 574 parta
1436 490 1502 555 iam

216 610 250 674 re.
286 605 368 652 aee-
391 591 567 658 hominum
584 593 698 677 generi
714 591 832 670 salute,
850 593 958 660 [Esus
971 593 1165 660 CHRISTUS
1181 592 1374 678 praedicare
1391 594 1503 658 Evan-

215 677 302 780 lffl‘
314 672 370 770 ,fiis
391 696 517 780 gelium
530 695 717 780 Apostolos
727 695 823 762 iussit
831 695 925 760 omni
941 705 1122 773 creaturae,
1137 697 1201 762 hoc
1217 696 1341 779 pariter
1355 695 1501 762 officium

214 783 366 904 Jisswfissss
391 799 757 864 hominibusuniversis
773 798 943 883 imposuit,
964 809 1001 864 ut
1023 800 1249 882 perdiscerem
1269 809 1304 865 et
1319 800 1503 877 crederent,

212 909 336 962 suscepere.
390 924 477 987 quae
497 903 718 968 docerentur:
746 903 798 966 cui
824 901 963 986 quidem
991 901 1102 968 officio
1128 905 1353 986 sempiternae
1383 903 1501 969 salutis

389 1008 528 1072 omnino
543 1016 594 1071 est
618 1007 756 1090 adeptio
781 1008 971 1073 coniuncta.
991 1007 1061 1088 Qui
1080 1006 1257 1072 crediderit
1269 1017 1302 1071 et
1315 1007 1501 1090 baptisatus

379 1111 500 1192 fuerit,
510 1111 626 1176 salvus
636 1111 726 1176 erit:
740 1111 801 1194 qui
814 1132 889 1176 vero
907 1132 972 1176 non
986 1111 1162 1177 crediderit
1174 1111 1464 1195 condemnabitur(
1478 1112 1499 1194 ).

388 1213 456 1280 Sed
473 1215 689 1279 christianam
707 1213 807 1278 fidem
820 1215 933 1293 homo,
945 1225 982 1280 ut
994 1215 1106 1294 debet,
1121 1216 1330 1299 complexus,
1344 1215 1409 1279 hoc
1425 1215 1499 1298 ipso

388 1317 560 1384 Ecclesiae
578 1326 616 1383 ut
634 1338 679 1382 ex
707 1339 746 1382 ea
774 1329 874 1382 natus
895 1319 1078 1396 subiicitur,
1102 1321 1240 1405 eiusque
1266 1318 1303 1384 fit
1328 1318 1498 1384 societatis

387 1421 558 1486 maximae
581 1422 880 1505 sanctissimaeque
917 1424 1094 1507 particeps,
1125 1444 1226 1507 quam
1259 1443 1392 1488 summa
1420 1443 1496 1488 cum

386 1531 555 1606 potestate
570 1544 693 1607 regere,
701 1524 765 1588 sub
776 1525 933 1590 invisibili
950 1527 1060 1608 capite
1073 1525 1243 1592 canrsro
1257 1528 1356 1604 IESU,
1367 1525 1497 1592 romani

243 1663 287 1709 U„
298 1663 361 1710 civis
387 1621 559 1688 Pontificis
574 1623 746 1707 proprium
763 1634 815 1689 est
832 1645 963 1693 munus.
985 1663 1029 1674 -
1045 1626 1145 1690 Nunc
1168 1628 1294 1690 verosi
1316 1627 1497 1704 civitatem,

208 1726 330 1770 “mm
385 1729 418 1793 in
434 1749 502 1812 qua
521 1730 603 1794 editi
629 1729 843 1813 susceptique
869 1730 902 1794 in
927 1730 1015 1795 hanc
1042 1730 1150 1794 lucem
1177 1751 1302 1810 sumus,
1317 1731 1496 1814 praecipue

203 1782 324 1842 petriam,

208 1841 275 1910 aa„
311 1842 361 1888 emo
385 1830 524 1913 diligere
538 1832 690 1916 tuerique
717 1833 871 1898 iubemur
897 1832 971 1915 lege
998 1842 1138 1898 naturae
1165 1853 1270 1917 usque
1285 1853 1335 1906 eo,
1352 1843 1389 1898 ut
1413 1833 1494 1897 civis
1552 1885 1555 1892 .

206 1915 360 2030 diffisi}
384 1935 493 2000 bonus
509 1935 560 2000 vel
578 1947 720 2000 mortem
731 1955 792 2019 pro
807 1936 916 2019 patria
932 1949 1091 2020 oppetere
1108 1957 1175 2000 non
1191 1937 1333 2014 dubitet,
1347 1935 1493 2000 officium

205 2020 359 2138 ῇξῗνζῗιῆζ
383 2047 434 2102 est
445 2040 703 2104 christianorum
720 2038 820 2122 longe
831 2040 938 2103 maius
948 2041 1048 2104 simili
1062 2041 1164 2105 modo
1176 2060 1248 2104 esse
1259 2040 1292 2104 in
1306 2038 1493 2104 Ecclesiam

202 2138 324 2250 {2522ss
383 2162 516 2226 semper
544 2141 692 2208 affectos.
728 2143 790 2208 Est
820 2144 910 2208 enim
943 2143 1095 2208 Ecclesia
1125 2144 1243 2208 civitas
1276 2154 1393 2208 sancta
1424 2143 1491 2208 Dei

206 2256 357 2326 interduc-
382 2247 534 2326 viventis,
550 2247 626 2310 Deo
641 2248 715 2330 ipso
730 2257 819 2324 nata,
834 2249 1023 2330 eodemque
1038 2257 1173 2312 auctore
1188 2249 1390 2313 constituta:
1406 2266 1492 2331 quae

205 2329 335 2422 ‘elegeras
382 2352 612 2434 peregrinatur
639 2349 774 2433 quidem
799 2351 832 2414 in
850 2352 954 2428 terris,
969 2353 1027 2416 sed
1047 2372 1170 2416 vocans
1194 2351 1347 2416 homines
1369 2362 1403 2414 et
1419 2371 1491 2416 eru·

381 2456 478 2520 diens
495 2466 596 2538 atque
611 2455 781 2518 deducens
797 2455 839 2518 ad
865 2456 1103 2538 sempiternam
1121 2455 1154 2518 in
1172 2454 1271 2519 caelis
1288 2454 1491 2521 felicitatem.

381 2557 587 2622 Adamanda
614 2559 715 2641 igitur
742 2560 850 2642 patria
876 2569 937 2634 est,
953 2558 1043 2623 unde
1065 2559 1154 2624 vitae
1181 2559 1332 2624 mortalis
1356 2578 1490 2622 usuram

381 2659 593 2742 accepimus:
608 2662 666 2724 sed
681 2679 817 2726 necesse
829 2671 879 2726 est
891 2661 1031 2725 caritate
1048 2661 1234 2726 Ecclesiam
1251 2672 1428 2744 praestare,
1436 2661 1491 2724 cui

380 2762 485 2827 vitam
508 2765 641 2828 animae
669 2765 832 2830 debemus
858 2774 1022 2848 perpetuo
1045 2785 1259 2830 mansuram:
1291 2765 1371 2849 quia
1402 2767 1491 2828 bona

379 2865 483 2930 animi
493 2868 641 2950 corporis
656 2868 753 2932 bonis
766 2879 893 2933 rectum
904 2880 955 2932 est
967 2879 1182 2952 anteponere,
1193 2869 1377 2952 multoque,
1388 2887 1489 2950 quam

251 3037 356 3096 Uterque
381 2989 459 3053 erga
471 2969 633 3050 homines,
649 2982 728 3038 sunt
743 2993 822 3056 erga
837 2973 948 3038 Deum
964 2971 1075 3037 officia
1091 2973 1266 3036 sanctiora.
1280 2973 1489 3038 -Ceterum

204 3097 354 3142 amoraoeo
379 3094 455 3137 vere
485 3075 513 3138 si
543 3075 690 3140 iudicare
719 3075 884 3154 volumus,
908 3076 1169 3160 supernaturalis
1197 3094 1292 3140 amor
1318 3075 1489 3140 Ecclesiae

203 3160 355 3273 ἷρζῗξξξξῖξ
379 3180 573 3263 patriaeque
588 3181 709 3245 caritas
737 3180 906 3260 naturalis,
920 3181 1076 3263 geminae
1099 3191 1178 3245 sunt
1202 3180 1380 3246 abeodem
1404 3199 1489 3244 sem·

202 3275 260 3378 3ζὲ
279 3275 356 3380 2}ssssss
379 3283 511 3364 piterno
526 3283 690 3367 principio
713 3283 882 3368 proiectae
897 3285 1062 3361 caritates,
1074 3305 1150 3348 cum
1167 3285 1239 3368 ipse
1254 3284 1297 3347 sit
1318 3283 1490 3366 utriusque

198 3399 317 3450 regirare.
380 3396 498 3450 auctor
523 3396 556 3451 et
587 3407 705 3452 caussa
732 3386 848 3452 Deus:
874 3408 919 3452 ex
943 3408 1012 3470 quo
1037 3389 1262 3470 consequitur,
1293 3407 1360 3452 non
1391 3406 1489 3470 posse

378 3491 521 3556 alterum
544 3489 690 3555 officium
721 3511 872 3575 pugnare
901 3511 977 3557 cum
1009 3492 1123 3558 altero.
1152 3491 1280 3575 Utique
1310 3502 1490 3577 utrumque

380 3615 557 3678 possumus
584 3605 618 3659 et
641 3595 812 3672 debemus,
835 3595 974 3678 diligere
995 3595 1229 3679 nosmetipsos,
1250 3595 1488 3661 benevolentes

379 3717 451 3762 esse
463 3718 540 3762 cum
552 3698 726 3781 proximis,
737 3719 850 3764 amare
860 3697 1101 3782 rempublicam
1114 3706 1385 3781 potestatemque
1402 3718 1488 3782 quae

377 3801 579 3885 reipublicae
599 3802 745 3885 praesit:
769 3803 957 3886 eodemque
984 3812 1135 3886 tempore
1161 3801 1347 3866 Ecclesiam
1376 3803 1486 3868 colere

377 3906 425 3970 uti
435 3915 618 3989 parentem,
629 3914 662 3970 et
674 3907 834 3984 maxima,
849 3925 916 3989 qua
932 3904 1002 3968 fieri
1015 3915 1136 3987 potest,
1151 3904 1291 3970 caritate
1307 3905 1487 3989 complecti
1570 3970 1575 3976 .
1665 3865 1666 3942 l

378 4013 499 4076 Deum.
514 4047 558 4058 -
573 4009 801 4075 Nihilominus
816 4010 934 4073 horum
962 4007 1147 4074 officiorum
1173 4009 1267 4087 ordo,
1282 4009 1334 4074 vel
1351 4008 1486 4072 calami·

376 4125 446 4181 tate
461 4124 651 4198 temporum
664 4114 716 4178 vel
736 4113 899 4197 iniquiore
911 4113 1084 4178 hominum
1102 4114 1284 4190 voluntate,
1304 4113 1486 4196 aliquando

377 4217 582 4301 pervertitur.
600 4216 767 4280 Nimirum
790 4217 941 4280 incidunt
957 4237 1105 4292 caussae,
1116 4236 1191 4280 cum
1215 4217 1304 4280 aliud
1321 4216 1485 4280 videtura

407 4367 428 4402 r.
443 4355 528 4408 blare..
537 4365 593 4408 xvr,
603 4355 638 4401 16.
