3362 4944
445 358 448 367 ,
570 327 1073 355 *ww-¹⁸³²*
1497 353 1503 365 ι

563 869 628 930 m:
648 868 970 931 1u1ss10u113us
984 867 1248 929 uumcums
1267 868 1407 928 sumu

730 1064 969 1128 commum
994 1063 1243 1126 ruvuums

435 1258 1478 1281 rrrrrrrrrrrrrrrrrrrrrrrrrrrrrr
1481 1269 1486 1279 n
1528 1269 1534 1277 v

626 1377 917 1445 ATHOLICAE
943 1378 1122 1458 Ecclesiae,
1146 1399 1232 1463 quae
1248 1399 1365 1445 omnes
1380 1381 1533 1446 homines

261 1443 584 1681 ΝΟΙΞΞΟΜΒ·Ι
432 1387 622 1762 it!
648 1492 800 1547 materna
825 1482 964 1547 caritate
988 1482 1230 1568 complectitur,
1247 1483 1329 1549 nihil
1354 1484 1422 1549 sere
1448 1485 1534 1550 anti·

291 1649 385 1710 ms
361 1649 408 1710 ex
646 1589 744 1670 quius
761 1585 822 1651 suit
838 1586 917 1650 iude
939 1586 1007 1651 ab
998 1585 1102 1665 mitio,
1126 1607 1185 1652 ceu
1210 1587 1307 1666 nosti,
1322 1586 1539 1653 Venerabilis

257 1715 363 1758 urimur
584 1533 772 1769 EFrat'er,
787 1709 888 1774 quam
912 1699 950 1755 ut
965 1689 1169 1769 servitutem,
1193 1711 1280 1775 quae
1308 1691 1429 1756 misero
1451 1693 1534 1774 iugo

254 1768 391 1876 {mm
433 1799 606 1883 premebat
642 1794 832 1860 mortalium
870 1792 1146 1876 quamplurimos,
1185 1794 1353 1860 sublatam
1391 1804 1541 1860 cerneret

253 1886 380 1935 'mmm
433 1902 632 1986 penitusque
648 1898 803 1964 deletam.
826 1897 952 1964 Sedula
976 1898 1065 1963 cuim
1092 1907 1206 1963 custos
1220 1900 1395 1964 doctrinae
1410 1899 1534 1965 Condi-

252 1952 407 2118 5135:er
434 2006 513 2070 toris
540 2005 601 2084 sui,
625 2002 681 2086 qui
705 2021 764 2084 per
788 2021 823 2065 se
849 2001 929 2085 Ipse
954 2009 988 2065 et
1014 2000 1258 2084 Apostolorum
1275 2022 1356 2066 voce
1375 2003 1539 2068 docuerat

433 2108 586 2174 homines
612 2106 792 2172 fraternam
818 2105 1108 2183 necessitudinem,
1123 2125 1210 2190 quae
1229 2106 1338 2190 iungit
1353 2107 1539 2186 universos,

433 2220 551 2297 utpote
567 2211 684 2276 eadem
701 2206 829 2292 origine
843 2215 961 2285 cretos,
984 2208 1104 2272 eodem
1131 2208 1240 2290 pretio
1264 2210 1467 2293 redemptos,
1489 2209 1534 2274 ad

432 2315 587 2380 eamdem
602 2319 741 2378 vocatos
757 2309 952 2376 beatitatem
978 2319 1159 2386 aeternam,
1183 2313 1330 2394 suscepit
1346 2312 1535 2396 neglectam

432 2436 602 2482 servorum
618 2431 772 2479 caussam
797 2433 835 2477 ac
851 2421 988 2478 strenua
1001 2411 1127 2478 vindex
1143 2414 1306 2479 libertatis
1322 2417 1446 2493 extitit,
1462 2414 1540 2493 etsi,

432 2528 530 2604 prout
545 2539 598 2583 res
613 2527 647 2583 et
663 2527 816 2600 tempora
832 2515 991 2595 ferebant,
1006 2517 1128 2582 sensim
1156 2536 1227 2581 rem
1250 2528 1380 2601 gereret
1396 2539 1434 2583 ac
1449 2528 1536 2584 tem-

432 2630 557 2706 perate.
571 2619 706 2686 Scilicet
722 2619 756 2684 id
772 2618 940 2704 praestitit
955 2617 1133 2702 prudentia
1145 2628 1178 2683 et
1189 2619 1329 2685 consilio
1341 2629 1539 2684 constanter

433 2723 608 2810 postulans
624 2724 715 2808 quod
731 2722 929 2788 intendebat
943 2721 1124 2806 religionis,
1138 2722 1284 2787 iustitiae
1296 2733 1330 2788 et
1345 2724 1539 2788 humanita-

432 2831 476 2894 tis
491 2829 626 2895 nomine
640 2848 648 2906 ;
663 2847 730 2911 quo
747 2826 837 2891 lacto
862 2826 905 2891 de
929 2827 1103 2891 nationum
1132 2828 1352 2910 prosperitate
1376 2829 1540 2912 cultuque

432 2932 520 2998 civili
537 2933 658 2997 meruit
672 2930 809 3015 optime.
824 2969 868 2979 -
883 2929 1003 3015 Neque
1019 2929 1139 2995 aetatis
1160 2930 1301 2995 decursu
1328 2932 1392 2996 hoc
1419 2930 1534 2996 Eccle-

432 3039 501 3102 siae
516 3038 664 3102 studium
692 3034 868 3100 adserendi
889 3033 1056 3116 mancipia
1082 3034 1115 3097 in
1145 3032 1335 3099 libertatern
1361 3035 1541 3120 elanguit;

433 3145 501 3207 imo
515 3161 584 3226 quo
608 3140 808 3205 fructuosius
835 3139 961 3203 eratin
986 3138 1067 3216 dies,
1088 3126 1129 3204 e'o
1155 3135 1320 3222 flagrabat
1343 3139 1538 3222 impensius.

435 3245 534 3329 Quod
551 3244 736 3308 certissima
755 3251 922 3307 testantur
947 3249 1166 3306 monumenta
1193 3240 1361 3320 historiae,
1385 3263 1473 3327 quae
1495 3261 1540 3306 eo

433 3349 568 3412 nomme
584 3347 693 3430 plures
709 3345 958 3410 commendavit
973 3346 1163 3429 posteritati
1179 3348 1370 3413 decessores
1384 3346 1417 3410 N
1418 3357 1538 3426 ostros,

255 3432 408 3538 „mm
433 3473 517 3538 quos
540 3453 625 3518 inter
650 3459 823 3534 praestant
848 3451 881 3518 S.
899 3449 1080 3534 Gregorius
1107 3451 1263 3535 Magnus,
1291 3451 1487 3516 Hadrianus
1513 3451 1540 3528 1,

254 3563 357 3671 m}
433 3557 631 3622 Alexander
657 3554 722 3631 ΙΙΙ,
756 3553 973 3618 innocentius
997 3554 1062 3632 III,
1090 3553 1271 3638 Gregorius
1299 3555 1361 3632 IX,
1387 3554 1466 3619 Pius
1492 3555 1542 3632 ΙΙ,
1662 3637 1663 3648 ¹

254 3683 317 3718 cum.
435 3661 507 3726 Leo
522 3659 565 3737 X,
581 3657 703 3722 Paulus
721 3657 786 3736 ΙΙΙ,
806 3657 963 3724 Urbanus
979 3658 1082 3738 VIII,
1106 3659 1308 3725 Benedictus
1335 3660 1433 3741 XIV,
1459 3660 1541 3725 Pius
1662 3655 1663 3694 l

433 3763 516 3840 VII,
532 3760 711 3843 Gregorius
728 3758 827 3837 XVI,
848 3761 905 3844 qui
930 3779 1066 3825 omnem
1094 3781 1207 3825 curam
1232 3771 1267 3826 et
1294 3783 1431 3847 operam
1458 3781 1538 3827 con·

433 3866 548 3944 tulere,
582 3872 620 3929 ut
646 3861 814 3928 servitutis
840 3863 1016 3942 Institutio,
1043 3863 1099 3928 ubi
1124 3864 1271 3947 vigebat,
1296 3867 1477 3944 excideret,
1504 3873 1539 3929 et

432 3977 603 4035 caveretur
617 3987 660 4031 ne
675 3967 766 4031 unde
781 3975 919 4032 exsecta
934 3967 1050 4046 suerat,
1077 3967 1122 4031 ibi
1146 3969 1217 4032 eius
1243 3969 1396 4052 germina
1421 3968 1539 4034 revivi-

434 4081 570 4136 scerent.

477 4173 608 4236 Tantae
623 4171 731 4237 laudis
748 4171 915 4238 hereditas
930 4192 950 4237 a
974 4174 1284 4256 praedecessoribus
1300 4176 1426 4241 tradita
1440 4198 1539 4263 repu-

433 4279 517 4344 diari
548 4297 568 4340 a
600 4276 706 4340 Nobis
737 4295 803 4341 non
830 4286 983 4360 poterat:
1007 4297 1110 4362 quare
1135 4278 1227 4344 nulla
1258 4283 1494 4362 praetermissa
1518 4305 1542 4348 a
