3364 4928
208 634 242 773 ᾙ
504 669 991 732 mannmmmm

200 798 240 925 j}
257 833 322 894 oa
337 835 703 897 coumnnrnnon
716 837 992 916 nascamus:
1010 837 1245 896 Panama-

312 1009 445 1070 cuna
468 1010 840 1072 uanoumnnuu
864 1011 1189 1072 aumocnnm.

204 1276 210 1289 ’
369 1265 566 1332 RIORES
583 1285 679 1330 curas
695 1265 837 1330 Nostras
854 1265 1016 1330 hodierna
1032 1265 1086 1330 die
1102 1265 1165 1329 sibi
1183 1265 1303 1329 merito
1387 1291 1417 1338 er

206 1356 216 1387 ³
357 1374 368 1459 ζ
404 1369 555 1434 vindicat
579 1369 696 1433 inclita
722 1368 878 1433 catholici
910 1368 1056 1433 nominis
1087 1369 1190 1444 natio,
1216 1386 1303 1450 quae
1356 1339 1451 1450 Ἢ]

357 1495 370 1533 ε·
405 1473 559 1538 Montem
577 1471 747 1536 Libanum
760 1471 1022 1555 tenet,prolanis
1034 1473 1161 1535 clarum
1175 1471 1303 1549 litteris,
1368 1499 1481 1560 pmpax

245 1592 263 1611 ·‘
319 1592 339 1612 ··
363 1592 374 1623 ‘r
406 1576 596 1659 divinisque
621 1595 722 1659 saepe
746 1575 950 1640 celebratum
978 1575 1203 1652 carminibus;
1231 1575 1303 1657 ipsa
1329 1560 1481 1676 {m‘ffi

193 1684 259 1746 loci
274 1681 488 1758 amoenitate,
502 1689 536 1744 et
551 1679 636 1744 caeli
651 1678 780 1762 solique
792 1679 970 1743 clementia
987 1679 1164 1761 insignem.
1180 1679 1303 1760 Regio·
1329 1679 1450 1783 mm

193 1789 247 1852 nis
266 1789 368 1852 decus
384 1795 509 1870 augent
525 1786 645 1850 illustri
660 1785 796 1850 nomine
817 1784 980 1863 civitates,
996 1785 1121 1849 montis
1137 1784 1304 1848 radicibus
1329 1803 1397 1843 renat.

192 1892 394 1968 adiacentes,
419 1889 553 1974 pietatis
579 1909 619 1952 ac
647 1887 816 1971 religionis
840 1897 1060 1952 monumenta
1083 1898 1117 1951 ct
1133 1886 1304 1950 domicilia

191 1997 318 2081 passim
336 2017 460 2080 magno
476 2015 616 2060 numero
632 2003 797 2072 extructa,
812 1994 996 2058 incolarum
1013 1992 1200 2076 frequentia
1223 1992 1303 2055 alte·

191 2101 306 2184 quein
324 2101 364 2165 iis
385 2101 505 2164 insitus
526 2099 590 2162 loci
615 2117 718 2176 amor,
743 2099 775 2162 in
799 2117 866 2181 quo
882 2098 1009 2162 scilicet
1024 2117 1139 2160 eorum
1162 2097 1304 2158 maiores

190 2204 377 2268 catholicae
395 2202 548 2286 religioni
575 2221 728 2266 securum
753 2211 933 2284 tutumque
956 2199 1145 2283 perfugium
1168 2199 1304 2262 calami-

191 2308 276 2372 tosis
299 2307 505 2391 temporibus
532 2305 738 2371 invenerunt.
755 2343 799 2354 -
821 2305 989 2369 Libanum
1017 2304 1086 2367 late
1113 2303 1304 2368 Maronitae

192 2417 339 2482 insident
355 2416 562 2482 mollioribus
579 2416 642 2480 lusi
670 2416 777 2496 iugis3
794 2415 860 2478 illic
884 2411 1117 2498 patriarchalis
1133 2409 1303 2494 regiminis

191 2521 306 2585 sedern
332 2522 482 2598 habent;
507 2541 591 2602 gens
616 2519 712 2583 lactis
737 2519 827 2583 clara
852 2538 938 2602 quae
962 2517 1043 2582 olim
1072 2515 1105 2582 S.
1130 2516 1304 2580 Ludovico

192 2623 323 2688 Galliae
349 2625 436 2707 Regi
464 2625 497 2686 in
523 2622 709 2689 Saracenos
733 2621 889 2686 inserenti
914 2621 1020 2704 signa,
1043 2620 1186 2702 sumptis
1202 2619 1303 2682 armis

190 2739 361 2792 strenuam
398 2747 535 2810 operam
566 2725 737 2807 contulit;
771 2735 806 2788 at
836 2725 1028 2790 constantia
1059 2723 1204 2788 nobilior
1237 2743 1303 2806 qua

188 2830 389 2895 catholicam
419 2830 520 2895 fidem
545 2830 633 2895 inter
656 2830 752 2915 plura
776 2830 971 2894 discrimina
995 2828 1194 2911 laboresque
1219 2828 1302 2891 inte·

188 2953 284 3016 gram
302 2945 403 3018 atque
419 2934 582 2998 illibatam
601 2935 753 2998 servavit.

234 3038 275 3102 In
303 3039 365 3103 hac
392 3049 492 3120 gente
519 3038 662 3120 contigit
677 3037 788 3120 Aprili
816 3056 931 3102 mense
954 3035 1110 3119 proxime
1127 3034 1242 3115 elapso
1265 3043 1303 3096 ut
1380 3062 1481 3108 Nam,

190 3140 424 3204 Patriarchalis
451 3141 667 3204 Antiochena
697 3140 793 3203 sedes
819 3141 865 3203 ob
890 3137 1061 3202 interitum
1089 3135 1302 3200 Venerabilis
1327 3121 1469 3226 fflffjff

192 3245 319 3309 Fratris
335 3244 428 3309 Pauli
442 3245 530 3309 Petri
545 3244 692 3320 Massad‚
702 3243 845 3326 pastoris
858 3245 907 3308 sui
920 3241 1089 3326 praesidio
1101 3240 1302 3304 viduaretur.
1327 3239 1467 3344 §mista

191 3385 236 3398 -
253 3349 354 3413 lustis
371 3349 581 3413 Patriarchae
593 3347 747 3411 extincto
758 3345 932 3424 exsolutis,
953 3340 1197 3409 Maronitarum
1221 3344 1300 3426 Epi·
1327 3371 1384 3426 ruga
1431 3358 1478 3402 ra·

192 3455 285 3534 scopi
295 3452 349 3517 die
361 3453 401 3516 28
411 3454 561 3517 eiusdem
573 3449 984 3529 mensis,successoriseius
994 3448 1301 3531 deligendicaussa,
1327 3417 1449 3462 ‘'‘w'm'

190 3575 404 3620 communem
421 3564 623 3621 conventum
641 3554 795 3620 habuere.
813 3554 852 3619 In
869 3575 910 3619 eo
936 3553 1205 3618 concordissimis
1230 3553 1300 3616 ani·

191 3659 256 3724 mis
282 3661 449 3744 plenoque
475 3680 648 3738 consensu,
671 3657 909 3724 Venerabilem
935 3659 1087 3722 Fratrem
1112 3657 1299 3720 Iohannem

193 3763 299 3846 Hagg
307 3763 609 3846 Archiopiscopum
624 3761 914 3844 Heliopolitanum
929 3761 1183 3838 Maronitarum,
1193 3759 1299 3822 virum

95 3865 98 3871 ’
189 3867 388 3950 prudentiae
404 3867 503 3931 laude
513 3875 711 3949 spectatum,
722 3865 780 3948 qui
793 3865 826 3928 in
840 3864 995 3929 curandis
1014 3862 1185 3926 Ecclesiae
1201 3861 1299 3925 rebus

190 3969 342 4034 sedulam
358 3990 495 4053 operam
512 3971 664 4034 extincto
681 3969 892 4032 Patriarchae
909 3975 1098 4043 amaverat,
1113 3964 1299 4029 Antioche·

188 4095 271 4140 num
300 4075 543 4140 Maronitarum
575 4074 802 4138 Patriarcham
828 4073 1073 4136 renunciarunt.
1096 4068 1239 4147 Deinde,
1261 4077 1299 4152 ut

190 4200 252 4262 par
280 4189 361 4259 erat,
390 4179 627 4265 suffragatores
658 4178 818 4261 Episcopi
849 4187 882 4242 et
921 4175 1113 4241 Patriarcha
1143 4176 1187 4240 ab
1217 4176 1298 4259 ipsis

189 4285 325 4362 clectus,
351 4305 428 4348 suas
450 4285 492 4348 ad
521 4285 607 4348 hanc
621 4281 855 4366 Apostolicam
882 4281 1006 4347 Sedem
1030 4279 1154 4344 dedere
1170 4279 1297 4345 litteras

190 4387 238 4453 rei
254 4397 368 4470 gestae
384 4387 531 4465 nuncias,
547 4408 566 4451 a
583 4385 691 4450 Nobis
707 4383 906 4468 flagitantes,
923 4394 959 4449 ut
975 4383 1173 4450 electionem
1189 4383 1296 4466 ipsam
