3362 4944
392 312 457 364 102
497 313 595 364 mss.
614 313 742 366 ssosr.
766 300 786 332 ¹¹
806 313 930 368 asoto.
950 315 1054 368 onoo
1077 315 1284 370 nauantem
1307 317 1440 369 sarms
1458 354 1478 382 ‚,

383 505 575 552 mansurum
591 497 626 554 et
641 486 820 554 valiturum
835 489 948 572 quoad
966 489 1064 556 rebus
1080 491 1355 577 temporibusque
1369 491 1491 558 ceden-

380 589 472 669 dum,
484 609 551 656 non
563 611 631 656 uno
643 611 688 656 ex
700 591 776 657 loco
786 592 937 658 eiusdem
950 591 1210 660 Constitutionis
1221 615 1381 681 pernosse
1392 593 1492 660 licet:

379 690 438 758 ubi
463 693 611 759 edictum
639 703 676 760 ut
701 694 843 760 praeses
865 695 1021 762 resideret
1042 706 1136 762 extra
1149 697 1325 782 angiam,
1350 697 1492 762 durante

378 795 550 862 schismate
560 821 575 874 ,·
589 797 647 864 ubi
662 799 764 863 etiarn
780 799 899 864 datum
916 819 1015 882 posse
1031 800 1338 886 congregationem
1353 822 1377 866 a
1390 799 1492 866 Prio-

377 898 753 966 ribusResidentiarum
777 921 832 966 seu
858 900 1083 968 conventuum
1104 913 1198 970 aetra
1211 902 1376 988 Angitiam
1399 903 1491 987 regi:

377 1026 464 1091 quae
474 1029 556 1074 sane
566 1009 610 1075 de
623 1009 782 1074 facultate
794 1008 1013 1093 intelligenda
1028 1020 1151 1078 suntet
1161 1013 1260 1078 venia
1275 1011 1490 1096 temporaria,

377 1111 534 1178 nimirum
551 1133 656 1198 usque
670 1113 752 1179 dum
775 1111 897 1179 finibus
922 1114 1060 1180 ditionis
1087 1135 1168 1182 suae
1183 1125 1295 1182 essent
1310 1115 1358 1180 illi
1373 1113 1486 1198 prohi-

375 1215 446 1283 biti.
461 1215 606 1282 Accedit
620 1218 711 1300 quod
739 1217 811 1300 ipse
839 1217 996 1284 Pontifex
1020 1218 1113 1284 salva
1128 1237 1201 1284 esse
1216 1218 1364 1284 decrevit
1376 1217 1489 1301 privi-

374 1317 469 1403 legia,
487 1319 629 1402 gratias,
656 1317 797 1398 indulta,
813 1319 1004 1400 facultates,
1020 1321 1274 1404 praerogativas
1302 1319 1489 1386 Ordines-et

378 1419 644 1506 Congregatranis
654 1422 841 1507 Negrana
852 1434 1110 1508 nuncupatorum
1122 1425 1158 1490 S.
1168 1422 1489 1488 Benedr'ctt'acillius

375 1523 655 1592 Manasterionan
671 1529 707 1593 in
721 1529 851 1612 Anglr'a
869 1529 918 1614 (¹),
938 1528 971 1594 in
986 1528 1107 1612 hisque
1121 1528 1336 1594 ecclesiarum
1364 1545 1486 1592 novem

375 1632 447 1697 iura
461 1632 686 1698 cathedralia:
700 1653 769 1718 quo
793 1635 938 1713 decreto,
952 1633 1055 1699 tacite
1078 1633 1106 1698 is
1133 1633 1281 1717 quidem,
1303 1633 1362 1697 sed
1386 1629 1487 1696 valde

375 1733 562 1812 affirmavit,
578 1736 743 1802 curiarum
774 1737 925 1802 omnium
957 1736 1239 1821 ecclesiarumque
1268 1733 1480 1801 administra-

375 1839 510 1917 tionem,
520 1859 661 1923 quarum
674 1840 876 1906 utilitatibus
889 1840 1099 1907 Benedictini
1112 1840 1282 1920 servirent,
1293 1839 1337 1905 ad
1353 1857 1486 1905 eorum·

374 1944 451 2009 dem
479 1947 690 2024 monasteria,
716 1945 745 2009 si
771 1946 909 2030 quando
934 1955 1047 2012 essent
1073 1946 1107 2010 in
1136 1946 1304 2030 integrum
1320 1944 1484 2022 restituta,

375 2049 457 2116 nihil
482 2069 577 2116 secus
603 2071 704 2136 quam
730 2060 810 2118 ante
833 2051 979 2118 schistam
1006 2053 1191 2136 pertinere:
1222 2061 1355 2120 tantum
1382 2051 1487 2136 igitur

374 2153 470 2222 abest
484 2164 521 2222 ut
536 2175 576 2222 ea
592 2154 843 2223 Constitutione
857 2158 1018 2240 potestati
1035 2157 1242 2224 monasticae
1258 2157 1418 2224 Urbanus
1439 2156 1487 2220 sit

252 2293 292 2338 1„
295 2292 351 2353 sm
374 2257 568 2343 refragatus.
584 2295 628 2310 -
642 2257 787 2325 Accedit
802 2259 905 2325 etiam
921 2259 1011 2344 quod
1028 2259 1077 2326 ita
1092 2259 1156 2326 iert
1171 2260 1324 2326 universe
1344 2278 1485 2324 consue·

199 2353 352 2458 ffiwg
375 2363 458 2428 tudo
484 2361 623 2430 Ordinis
649 2363 881 2430 Benedictini:
905 2382 1052 2447 namque
1070 2373 1104 2430 et
1127 2364 1217 2448 apud
1233 2364 1316 2430 alias
1331 2363 1482 2429 eiusdem

200 2470 350 2541 oretanae·
376 2463 513 2532 Ordinis
529 2466 681 2546 familias,
695 2467 859 2553 quidquid
876 2467 1055 2553 potcstatis
1070 2477 1122 2535 est
1148 2469 1182 2534 in
1207 2467 1382 2534 missiones
1397 2475 1431 2532 et
1446 2465 1481 2530 in

199 2529 352 2660 minii
375 2569 529 2636 alumnos
545 2571 782 2650 missionarios,
801 2572 835 2638 id
859 2572 915 2637 alii
939 2571 1088 2639 defertur
1103 2571 1229 2638 nemini
1243 2591 1345 2657 quam
1362 2589 1482 2636 coeno-

195 2661 322 2768 J'Jmf'
374 2671 505 2738 bionum
521 2673 742 2758 praepositis:
762 2693 872 2758 neque
885 2694 965 2741 vero
981 2675 1159 2760 quisquam
1174 2675 1309 2761 ignorat
1328 2673 1483 2740 abbatias

374 2795 456 2856 esse,
470 2795 558 2861 quae
573 2797 640 2844 non
658 2779 760 2844 modo
784 2777 1014 2864 sibimetipsae
1040 2779 1227 2860 consulant,
1250 2780 1309 2844 sed
1334 2777 1484 2845 ecclesiis

374 2881 524 2947 externis
538 2881 703 2966 curiisque
712 2881 802 2948 haud
815 2883 862 2950 ita
873 2883 988 2968 paucis
1000 2885 1052 2950 ius
1063 2883 1180 2950 dicant
1194 2901 1319 2968 easque
1333 2883 1484 2966 undique

198 3049 233 3098 m,
243 2991 303 3098 {212
313 2993 349 3097 ᾖ
374 2985 618 3052 administrent.
639 3023 683 3036 -
705 2985 799 3051 Talis
824 2996 938 3052 autem
965 2987 1147 3054 sociandae
1175 2987 1484 3073 temperantiaeque

198 3057 350 3216 nifacen
374 3089 551 3172 potestatis
575 3090 706 3170 modus,
731 3099 769 3156 ut
785 3092 996 3158 monasteriis
1022 3091 1198 3158 missiones
1213 3097 1362 3176 pareant,
1377 3089 1481 3157 etiam

198 3183 349 3291 2„{⁸;3„„„
373 3201 509 3277 propter
523 3192 710 3277 praeclaras
725 3193 995 3279 opportunitates
1010 3215 1098 3279 quae
1112 3203 1290 3278 utramque
1305 3192 1339 3258 in
1349 3203 1481 3277 partem

196 3288 237 3336 ω
253 3303 349 3360 '‘tm·
373 3295 560 3364 redundare
588 3307 739 3382 possunt,
776 3299 947 3383 optandus
977 3299 1128 3364 maxime
1164 3307 1224 3365 est.
1254 3295 1355 3380 Quod
1390 3298 1481 3362 enim

192 3351 349 3480 &mores
374 3399 584 3479 monasteria,
609 3411 646 3467 ut
669 3401 756 3466 inter
780 3421 899 3468 omnes
924 3412 1066 3482 constat,
1092 3421 1129 3467 se
1154 3401 1266 3468 minus
1286 3420 1444 3486 prospere
1460 3419 1483 3464 a

195 3469 346 3574 alim
372 3501 522 3588 legitima
535 3505 712 3590 disciplina
736 3506 923 3590 studiisque
949 3507 1131 3573 maioribus
1146 3525 1235 3572 nunc
1258 3505 1393 3584 habent,
1408 3505 1480 3570 eius

196 3590 246 3638 ‘'¹'’
371 3609 418 3674 rei
433 3627 552 3674 caussa
567 3627 634 3674 non
649 3609 684 3672 in
701 3607 865 3687 alumnos,
879 3628 1021 3693 quorum
1037 3607 1194 3676 voluntas
1209 3608 1261 3673 vel
1273 3625 1377 3692 opera
1391 3607 1479 3672 desi·

370 3714 512 3792 deretur,
532 3719 568 3778 at
582 3731 662 3778 vero
676 3711 710 3777 in
727 3731 836 3778 rerum
851 3713 1095 3798 hominumque
1110 3712 1270 3798 inopiam,
1285 3720 1319 3777 et
1334 3711 1368 3776 in
1384 3711 1479 3776 lab'o·

370 3833 453 3894 rum,
467 3833 555 3900 quae
569 3815 648 3880 inde
663 3815 887 3900 consequitur,
902 3815 1216 3882 immoderationem
1239 3813 1356 3899 procul
1371 3813 1478 3880 dubio

368 3919 471 3988 debet
498 3919 662 3987 conferri:
692 3919 813 4006 qulbus
844 3921 1066 3988 incommodis
1093 3919 1278 3988 remedium
1309 3919 1477 4004 optimum

203 4044 344 4094 ancona
369 4031 533 4107 suppetet,
548 4023 576 4088 si
592 4042 637 4088 ex
652 4024 772 4089 eodem
788 4023 898 4108 capite
924 4021 1109 4109 aequabilis
1133 4020 1364 4106 providentiae
1389 4021 1481 4088 ratio

189 4108 345 4212 fimf:
370 4125 403 4188 in
433 4144 612 4192 commune
642 4125 795 4194 manarit.
816 4164 860 4178 -
887 4126 1019 4194 Similia
1047 4126 1244 4193 adiumenta
1271 4133 1307 4192 et
1334 4123 1481 4190 fortasse

183 4223 330 4344 fflggjh
369 4229 496 4294 maiora
511 4229 554 4295 ad
571 4231 745 4297 missiones
760 4240 857 4298 erunt
872 4230 1069 4315 proiectura.
1082 4229 1134 4297 Ut
1148 4229 1238 4296 enim
1256 4230 1478 4296 benevertant
