3354 4938
480 298 532 350 DE
548 296 789 352 CONDlTIONE
806 299 999 354 OPlFlCUM.
1222 305 1291 376 199

179 477 342 560 idemque
356 475 541 542 valetudini
557 477 677 559 gravis,
692 497 768 542 cum
785 478 950 544 brevitate
961 479 1122 562 temporis
1134 489 1185 546 est
1199 500 1290 545 com·
1379 497 1409 546 ¹5

179 580 386 664 pensandus.
410 579 504 645 Anni
527 599 662 664 quoque
695 581 903 664 dispicienda
926 593 1095 668 tempora:
1121 583 1200 666 quia
1221 603 1289 648 non
1356 545 1435 656 522¹?

179 707 260 754 raro
274 687 363 752 idem
379 706 502 771 operae
525 707 631 770 genus
648 688 716 753 alio
731 698 883 773 tempore
911 690 1007 756 facile
1021 699 1073 756 est
1087 692 1129 756 ad
1146 689 1290 756 toleran-

178 794 275 871 dum,
290 792 358 858 alio
373 800 431 858 aut
447 791 579 858 tolerari
597 792 688 858 nulla
703 793 834 859 ratione
850 803 971 878 potest,
997 804 1057 861 aut
1071 795 1143 860 sine
1158 813 1291 860 summa

179 896 380 961 difficultate
395 915 462 960 non
479 905 601 979 potest.
617 933 661 946 -
677 897 833 981 Denique
848 899 938 981 quod
955 899 1065 964 iacere
1079 899 1228 981 enitique
1241 897 1292 963 vir
1329 907 1468 977 β’)ιηυῑμ.

179 1000 300 1065 adulta
315 1007 426 1064 aetate
447 999 599 1083 beneque
626 999 757 1065 validus
772 1011 895 1085 potest,
911 1003 944 1067 id
960 1023 981 1067 a
997 1003 1122 1068 semina
1147 1022 1292 1085 puerove
1316 975 1469 1093 {fflmss

181 1122 252 1166 non
268 1112 319 1168 est
334 1122 478 1186 aequum
491 1103 669 1184 postulare.
684 1103 799 1168 Immo
811 1106 854 1169 de
865 1107 976 1188 pueris
987 1105 1086 1172 valde
1096 1105 1293 1184 cavendum,
1317 1093 1379 1146 '²³¹⁵'
1401 1094 1468 1141 ‘⁸⁰¹¹‘

181 1208 332 1290 ueprius
354 1207 488 1272 officina
509 1207 631 1291 capiat,
653 1227 755 1291 quarn
784 1229 916 1292 corpus,
938 1208 1121 1292 ingenium,
1142 1209 1291 1275 animum
1317 1154 1468 1316 23:⁸25&

181 1313 265 1376 satis
281 1310 462 1377 firmaverit
487 1320 590 1378 aetas.
617 1311 843 1395 Erumpentes
871 1312 1010 1378 enimin
1035 1314 1177 1396 pueritia
1198 1314 1293 1392 vires,
1317 1285 1468 1385 'r'a‘roreffls

180 1415 275 1481 velut
289 1417 541 1482 herbescentem
556 1416 774 1494 viriditatem,
802 1418 943 1500 agitatio
959 1437 1085 1500 precox
1100 1417 1210 1483 elidit:
1226 1437 1293 1501 qua

180 1541 229 1584 ex
244 1539 279 1585 re
294 1522 405 1586 omnis
420 1528 471 1584 est
487 1519 656 1584 institutio
670 1521 806 1604 puerilis
816 1523 998 1586 interitura.
1025 1521 1082 1588 Sic
1093 1531 1183 1588 certa
1192 1542 1293 1607 quae·

180 1623 261 1688 dam
289 1621 429 1689 artificia
456 1625 566 1688 minus
583 1633 662 1707 apte
685 1626 890 1689 conveniunt
913 1626 946 1689 in
963 1625 1104 1692 feminas
1131 1628 1173 1692 ad
1190 1646 1293 1710 opera

180 1727 368 1792 domestica
384 1737 496 1792 natas:
511 1746 599 1811 quae
612 1728 753 1810 quidem
769 1748 872 1811 opera
887 1739 922 1795 et
936 1738 1076 1794 tuentur
1090 1749 1294 1813 magnopere

181 1831 217 1896 in
235 1831 388 1896 muliebri
404 1851 525 1915 genere
549 1833 662 1910 decus,
675 1842 709 1896 et
735 1832 915 1897 liberorum
932 1833 1143 1898 institutione
1158 1853 1294 1918 prospe-

181 1934 342 2018 ritatique
364 1934 512 2000 familiae
526 1945 646 2000 natura
675 1937 887 2015 respondent.
917 1937 1083 2003 Universa
1097 1945 1209 2002 autem
1227 1946 1293 2002 sta·

181 2047 440 2118 tantumtantum
450 2058 523 2104 esse
534 2036 711 2122 opificibus
722 2040 938 2106 tribuendum
951 2041 1021 2118 otii,
1035 2050 1200 2124 quantum
1216 2061 1291 2105 curn

180 2143 309 2208 viribus
324 2152 561 2226 compensetur
583 2142 698 2208 labore
713 2145 941 2228 consumptis;
963 2145 1043 2228 quia
1069 2144 1207 2210 detritas
1230 2163 1291 2208 usu
1316 2145 1411 2216 eirea
1420 2159 1467 2192 Μ·

180 2247 267 2310 vires
291 2247 392 2312 debet
413 2247 557 2312 cessatio
579 2247 761 2312 restituere.
785 2249 824 2312 ln
847 2249 940 2314 omni
963 2248 1178 2332 obligatione,
1205 2267 1291 2332 quae
1315 2219 1467 2311 mx*

180 2350 329 2416 dominis
342 2359 445 2434 atque
463 2348 645 2416 artificibus
661 2351 804 2416 invicem
820 2353 1045 2432 contrahatur,
1060 2353 1143 2418 baec
1157 2371 1290 2435 semper
1314 2329 1432 2429 mii

182 2462 242 2516 aut
256 2453 427 2537 adscripta
442 2463 501 2518 aut
516 2454 619 2519 tacita
634 2455 788 2520 conditio
803 2457 899 2532 inest,
922 2457 1054 2540 utrique
1068 2456 1182 2539 generi
1197 2454 1288 2538 quie·
1314 2448 1408 2504 (ΨΜ

181 2557 297 2622 scendi
313 2568 350 2622 ut
365 2567 501 2624 cautum
517 2557 577 2638 sit:
588 2577 697 2642 neque
713 2559 805 2624 enim
821 2560 1000 2625 honesturn
1016 2569 1105 2625 esset
1112 2558 1290 2624 convenire

179 2681 286 2741 secus,
312 2662 391 2746 quia
417 2681 479 2726 nec
505 2663 676 2745 postulare
705 2663 862 2747 cuiquam
884 2664 936 2728 ias
958 2674 1020 2742 est,
1041 2683 1103 2728 nec
1125 2663 1291 2747 spondere
1357 2701 1359 2708 ·

180 2766 373 2848 neglectum
399 2764 594 2843 officiorum,
616 2785 703 2849 quae
719 2767 771 2831 vel
789 2767 865 2833 Deo
889 2768 941 2833 vel
958 2768 1158 2852 sibimetipsi
1182 2766 1290 2832 homi·

182 2887 261 2933 nem
277 2867 502 2953 obstringunt.

227 2973 314 3039 Rem
330 2974 482 3038 hocloco
496 2973 695 3056 attingimus
709 2982 762 3038 sat
778 2975 892 3057 magni
909 2975 1087 3040 momenti:
1102 2994 1189 3058 quae
1201 2981 1290 3038 recte
1315 3009 1351 3074 τι)
1371 3012 1466 3073 Imp,

180 3075 387 3158 intelligatur
410 3095 545 3141 nccesse
559 3086 620 3152 est,
645 3076 679 3139 in
696 3075 889 3141 alterutram
912 3087 1102 3160 partemne
1124 3085 1289 3160 peccetur.
1315 3073 1390 3180 (⁶⁸3⁰
1406 3085 1466 3178 mg}

180 3177 351 3246 Videlicet
374 3181 484 3246 salarii
507 3180 665 3246 definitur
699 3179 803 3245 libero
826 3201 990 3246 consensu
1015 3181 1151 3245 modus:
1174 3181 1289 3263 itaque
1313 3146 1374 3262 ἕξει
1400 3191 1468 3237 labor

181 3283 339 3351 dominus
351 3286 516 3370 rei,pacta
532 3287 685 3350 mercede
701 3285 879 3368 persoluta,
894 3286 1086 3351 liberavisse
1101 3283 1213 3363 fidem,
1228 3305 1290 3350 nec
1309 3255 1432 3311 mm*

182 3387 270 3454 ultra
284 3390 407 3454 debere
422 3391 608 3473 quidquam
625 3390 788 3456 videatur.
799 3390 896 3455 Tunc
912 3389 1021 3454 solum
1037 3387 1107 3454 fieri
1120 3390 1251 3468 iniuste,
1261 3389 1289 3453 si
1329 3409 1466 3458 ornetur:

181 3493 234 3556 vel
250 3495 395 3577 pretium
411 3495 569 3558 dominus
592 3493 746 3572 solidum,
768 3493 820 3558 vel
843 3493 1011 3576 obligatas
1032 3493 1154 3559 artifex
1169 3513 1290 3578 operas
1315 3469 1468 3599 ξ’ζῗῗῶζ

182 3595 321 3661 reddere
332 3607 421 3662 totas
437 3605 620 3663 recusaret:
644 3597 696 3661 his
712 3599 838 3662 caussis
855 3607 981 3662 rectum
998 3617 1071 3663 esse
1087 3607 1290 3681 potestatem
1315 3592 1468 3648 ”mim

1314 3651 1455 3694 conveniunt

181 3699 354 3782 politicam
371 3701 585 3778 intercedere,
611 3710 650 3765 ut
665 3719 763 3766 suum
779 3701 899 3785 cuique
915 3703 965 3766 ius
982 3701 1149 3766 incolume
1164 3703 1216 3779 sit,
1232 3701 1290 3765 scd
1316 3707 1468 3818 3533&

182 3811 355 3883 praeterea
370 3802 479 3868 nullis.
495 3839 538 3854 -
554 3802 618 3869 Cui
634 3806 918 3886 argumentationi
929 3824 1055 3888 aequus
1067 3823 1176 3869 rerum
1188 3804 1291 3868 iudex
1317 3839 1348 3871 va
1365 3823 1468 3883 justitia

183 3925 251 3970 non
268 3907 373 3984 facilc,
391 3927 498 3992 neque
515 3909 547 3971 in
560 3917 671 3973 toturn
684 3910 894 3987 assentiatur,
906 3911 985 3993 quia
1000 3927 1067 3973 non
1078 3918 1130 3972 est
1139 3908 1292 3972 absoluta
1317 3883 1423 3995 ΨΜ

182 4011 341 4075 omnibus
356 4013 523 4095 partibus:
540 4023 749 4077 momentum
766 4015 937 4096 quoddam
954 4013 1091 4077 rationis
1112 4012 1208 4077 abest
1223 4033 1292 4076 rna·

184 4113 270 4180 ximi
293 4116 459 4197 ponderis
486 4115 563 4180 Hoc
586 4125 637 4181 est
661 4117 750 4180 enirn
774 4117 914 4198 operari,
948 4135 1102 4181 exercere
1124 4135 1161 4179 se
1184 4135 1292 4182 rerum

183 4219 489 4300 comparandarum
502 4238 629 4298 caussa,
639 4239 726 4303 quae
738 4220 806 4284 sint
818 4220 861 4285 ad
873 4219 982 4283 varios
994 4219 1085 4284 vitae
1098 4239 1186 4299 usus,
1191 4221 1293 4303 potis·

185 4321 377 4406 simumque
394 4323 437 4388 ad
461 4323 639 4390 tuitionem
664 4324 716 4389 sui
742 4322 956 4388 necessariae
981 4321 1023 4386 In
1047 4322 1164 4390 sudore
1184 4326 1296 4390 urrltus
