3364 4928
55 11 227 119 'TW

219 358 270 408 DE
288 355 508 408 PRAEClPUIS
527 353 663 406 CIVIUM
681 352 1001 405 CHRISTIANORUM
1020 351 1191 402 OFFICIIS.
1225 348 1269 422 25

166 550 239 595 mus
249 552 271 594 a
287 531 366 609 Deo,
377 540 416 595 ut
432 531 492 614 qui
506 529 621 613 diligit
641 528 934 610 Deum,dr'legatet
946 528 1096 607 fratrem
1109 547 1207 591 suum
1218 526 1271 610 (1).
1303 538 1446 636 Mffiffl

166 635 207 698 Si
217 634 292 718 quis
305 633 429 700 dixerit
437 635 602 718 quonium,
610 632 714 717 delego
727 635 845 708 Deum,
853 642 883 697 et
888 632 1038 712 fratrem
1052 651 1150 694 suum
1159 630 1272 749 offrit,
1340 637 1408 695 189⁰·

165 739 308 804 mendax
326 749 375 803 est
388 739 440 822 (²).
462 739 578 822 Atque
603 737 666 802 hoc
692 738 736 802 de
761 737 902 802 caritate
925 735 1121 800 mandatum
1137 735 1270 800 divinus

164 841 235 906 eius
256 842 343 907 lator
369 863 488 906 novum
515 842 711 919 nominavit,
731 861 798 906 non
823 839 913 924 quod
953 839 1092 923 diligere
1115 838 1269 904 homines
1294 795 1448 902 rafim:

162 944 250 1010 inter
265 966 302 1011 se
327 966 395 1011 non
420 947 534 1030 aliqua
548 947 616 1010 iam
644 945 711 1022 lex,
725 953 784 1010 aut
810 945 882 1026 ipsa
902 953 1021 1006 natura
1036 941 1195 1018 iussisset,
1209 942 1269 1007 scd
1295 917 1448 1020 &2¹22

162 1051 241 1133 quia
256 1049 477 1115 christianum
493 1050 557 1114 hoc
578 1048 740 1132 diligendi
754 1047 856 1130 plane
880 1065 1003 1110 novum
1032 1054 1103 1110 erat
1118 1054 1220 1127 atque
1235 1045 1268 1109 in
1295 1034 1370 1139 {2¹22
1387 1034 1447 1094 sm·

162 1152 256 1216 omni
274 1154 435 1218 memoria
459 1153 648 1218 inauditum
664 1171 778 1235 genus.
796 1150 873 1234 Qua
888 1151 977 1214 enim
990 1151 1130 1214 caritate
1162 1149 1271 1216 lusus
1371 1127 1377 1146 ’

163 1255 358 1322 CHRISTUS
374 1267 408 1320 et
432 1256 582 1338 diligitur
598 1276 618 1319 a
646 1255 745 1320 Patre
768 1273 831 1318 suo
845 1262 880 1318 et
894 1253 1049 1317 homines
1065 1252 1137 1335 ipse
1151 1251 1271 1335 diligit,

163 1359 320 1426 eamdem
341 1361 533 1443 impetravit
570 1358 715 1424 alumnis
741 1377 780 1422 ac
805 1357 1027 1422 sectatoribus
1052 1357 1129 1435 suis,
1155 1363 1190 1420 ut
1214 1375 1272 1419 cor

164 1483 268 1529 unum
286 1475 320 1529 et
335 1465 450 1530 anima
465 1483 532 1528 una
547 1483 621 1528 esse
635 1463 669 1528 in
685 1464 761 1546 ipso
776 1471 923 1545 possent,
934 1462 1021 1525 sicut
1036 1460 1108 1544 ipse
1122 1469 1156 1524 et
1173 1461 1272 1524 Pater

164 1587 269 1632 unum
283 1577 402 1634 natura
417 1576 504 1633 sunt
523 1567 634 1632 Huius
649 1567 700 1631 vis
711 1565 881 1648 praecepti
898 1585 998 1630 nemo
1013 1565 1146 1647 ignorat
1168 1582 1270 1645 quarn
1333 1617 1349 1650 a
1356 1604 1448 1664 m„

164 1671 231 1738 alte
256 1673 289 1736 in
315 1670 572 1737 christianorum
601 1680 719 1754 pectus
744 1691 764 1734 a
802 1670 966 1753 principio
995 1668 1215 1744 descenderit,
1237 1676 1271 1733 et
1295 1663 1442 1768 ff'fa‘l‘

163 1773 279 1856 quales
328 1783 539 1859 quantosque
586 1774 795 1851 concordiae,
829 1772 1082 1838 benevolentiae
1124 1781 1271 1846 mutuae,
1295 1737 1365 1835 vili.
1400 1737 1449 1769 ser-

163 1877 307 1959 pietatis,
314 1879 506 1962 patientiae,
518 1879 721 1944 fortitudinis
737 1878 862 1943 fructus
877 1875 1035 1942 attulerit.
1048 1875 1176 1959 Quidni
1190 1895 1270 1958 ope·

163 1983 307 2048 radetur
329 1984 495 2068 exemplis
521 1983 686 2048 maiorum
703 1983 898 2047 imitandis?
925 1981 1096 2063 Tempora
1118 1980 1191 2063 ipsa
1201 1999 1268 2042 non

161 2084 306 2168 exiguos
341 2087 524 2152 admovent
555 2086 598 2152 ad
624 2087 797 2151 caritatem
824 2084 988 2150 stimulos.
1013 2082 1270 2147 Renovantibus

161 2187 273 2271 impiis
297 2191 456 2256 adversus
473 2190 594 2257 IESUM
610 2189 814 2256 CHRISTUM
830 2189 918 2265 odia,
943 2187 1161 2253 instauranda
1185 2185 1268 2250 chri·
1378 2191 1447 2239 tore

160 2289 278 2354 stianis
294 2291 402 2373 pietas
417 2302 477 2371 est,
493 2311 759 2376 magnarumque
774 2313 882 2357 rerum
907 2287 1060 2356 effectrix
1077 2291 1270 2354 renovanda
1294 2264 1446 2357 imam

159 2393 290 2459 caritas.
307 2392 493 2477 Quiescant
517 2396 628 2480 igitur,
642 2395 669 2460 si
696 2416 763 2479 qua
790 2405 877 2472 sunt,
889 2395 1048 2460 dissidia:
1064 2393 1185 2458 sileant
1200 2413 1269 2456 cer·

160 2499 308 2562 tationes
332 2497 410 2564 illae
435 2501 581 2582 quidem,
603 2519 692 2584 quae
717 2502 804 2564 vires
837 2498 1069 2564 dimicantium
1094 2499 1270 2581 dissipant,

159 2621 220 2665 nec
231 2601 301 2665 ullo
314 2604 418 2668 modo
429 2603 582 2686 religioni
592 2613 733 2686 prosunt
745 2627 753 2669 :
765 2603 998 2687 colligatisque
1010 2601 1077 2667 fide
1092 2601 1270 2678 mentibus,

159 2705 300 2770 caritate
328 2705 565 2786 voluntatibus,
590 2709 624 2772 in
652 2709 717 2772 Dei
748 2717 851 2792 atque
880 2708 1055 2772 hominum
1086 2727 1210 2784 amore,
1232 2715 1270 2770 ut

159 2827 306 2891 aequum
323 2819 384 2888 est,
399 2811 470 2877 vita
485 2813 636 2894 degatur.

205 2912 316 2976 Locus
340 2915 501 2980 admonet
516 2915 641 2981 hortari
658 2914 858 2980 nominatim
882 2912 1148 2997 patresfamilias,
1164 2911 1268 2976 uthis
1345 2921 1446 2968 Monen-

160 3017 349 3098 praeceptis
365 3028 398 3082 et
424 3019 545 3083 domos
570 3019 757 3103 gubernare
773 3018 941 3094 studeant,
956 3025 991 3082 et
1005 3016 1128 3080 liberos
1139 3024 1268 3080 mature
1285 2985 1447 3099 illulllsr‘lt

156 3119 342 3186 instituere.
357 3121 458 3186 Initia
474 3123 677 3205 reipublicae
692 3121 820 3187 familia
834 3121 1079 3204 complectitur,
1094 3137 1266 3201 magnam·
1293 3099 1443 3205 fflffi,

157 3241 224 3305 que
239 3233 371 3306 partem
388 3225 487 3291 alitur
513 3226 601 3291 intra
625 3227 829 3291 domesticos
845 3225 990 3308 parietes
1002 3223 1137 3288 fortuna
1152 3221 1267 3306 civita7
1292 3216 1378 3322 m
1387 3219 1444 3322 ‘¹¹22

157 3335 240 3392 tum.
271 3325 401 3392 Idcirco
440 3329 498 3414 qui
527 3328 590 3394 has
623 3329 782 3394 divellere
811 3329 855 3394 ab
885 3328 1047 3392 institutis
1077 3325 1267 3391 christianis
1291 3335 1349 3382 duro
1394 3344 1444 3407 ομ-

157 3427 285 3506 volunt,
314 3431 453 3495 consilia
480 3453 500 3496 a
540 3432 645 3515 stirpe
674 3432 797 3510 exorsi,
826 3450 1039 3514 corrumpere
1070 3429 1265 3493 societatem
1289 3409 1444 3513 meum·

156 3531 378 3598 domesticam
397 3543 576 3602 maturant.
593 3537 625 3599 A
637 3555 706 3619 quo
721 3556 779 3600 eos
806 3535 930 3599 scelere
955 3553 1016 3598 nec
1032 3533 1193 3616 cogitatio
1207 3533 1266 3596 de-

155 3645 267 3714 terret,
279 3637 312 3702 id
340 3639 478 3721 quidem
507 3659 718 3723 nequaquam
741 3639 810 3704 fieri
841 3640 913 3704 sine
939 3657 1072 3702 summa
1088 3648 1264 3721 parentum

155 3740 276 3803 iniuria
301 3761 419 3824 posse:
436 3745 557 3808 nature
573 3743 662 3808 enim
679 3752 834 3826 parentes
850 3741 1043 3808 habentius
1062 3760 1158 3806 suum
1173 3741 1265 3805 insti·
1428 3815 1432 3825 Ι

154 3843 283 3921 tuendi,
306 3863 391 3926 quos
410 3847 625 3928 procrearint,
640 3847 704 3910 hoc
730 3847 892 3911 adiuncto
908 3845 1029 3922 officio,
1044 3854 1082 3909 ut
1097 3865 1173 3908 cum
1191 3843 1266 3923 fine,
1290 3886 1336 3918 esse
1355 3815 1444 3920 {¹22²ss

153 3946 250 4012 cuius
276 3950 385 4030 gratia
410 3949 560 4016 sobolem
587 3952 653 4015 Dei
670 3949 832 4016 beneficio
853 3959 1080 4033 susceperunt,
1096 3949 1169 4032 ipsa
1185 3950 1264 4014 edu·
1290 3932 1442 4038 {gavissu-

152 4051 245 4116 catio
260 4055 441 4118 conveniat
466 4063 499 4119 et
524 4055 680 4120 doctrina
704 4054 848 4138 puerilis.
868 4055 977 4137 Igitur
1002 4052 1198 4135 parentibus
1214 4059 1265 4117 est

152 4154 381 4220 necessarium
398 4156 480 4222 eniti
497 4167 531 4222 et
551 4157 763 4235 contendere,
778 4167 815 4221 ut
835 4175 972 4220 omnem
1000 4157 1032 4220 in
1064 4156 1128 4219 hoc
1143 4174 1266 4238 genere

151 4257 353 4341 propulsent
381 4259 544 4332 iniuriam,
567 4261 772 4342 omninoque
787 4261 985 4342 pervincant
1007 4270 1045 4323 ut
1060 4279 1121 4324 sua
1144 4258 1177 4321 in
1206 4277 1265 4340 po·

184 4415 205 4446 1.
224 4401 293 4455 llo„
304 4411 339 4454 tv,
353 4417 389 4448 21.
402 4427 432 4437 -·
444 4418 464 4450 a.
481 4405 526 4457 1b..
540 4419 575 4451 20.
