3352 4926
379 276 398 324 2
405 273 453 347 50
546 277 727 330 sersaoni
750 265 770 296 “
789 279 1017 334 easromrs
1035 281 1288 335 vrornnnrraa
1306 319 1327 348 „

230 508 248 558 J
252 462 324 550 341!
377 448 550 518 hominum
568 456 716 520 moribus
731 467 765 522 et
780 457 926 542 ingenio,
936 457 969 524 in
986 456 1139 524 fovendis
1154 457 1379 537 scientiarum,
1393 459 1484 525 litte·

243 561 309 618 18vt·
377 572 488 618 rarum
504 565 537 620 et
553 558 675 622 artium
692 560 821 638 studiis,
835 561 870 624 in
886 559 1135 624 inflammandis
1150 561 1272 624 animis
1288 561 1331 626 ad
1347 562 1483 646 egregia

377 676 531 741 quaeque
554 659 646 726 domi
667 662 872 748 militiaeque
896 665 1052 748 gerenda,
1078 664 1126 730 ita
1150 675 1187 728 ut
1210 664 1366 730 videatur
1386 669 1485 750 quasi

377 781 498 845 parens
513 773 547 828 et
562 763 664 830 altrix
679 767 840 832 divinitus
854 769 935 832 data
954 768 997 832 ad
1021 769 1219 852 pariendum
1235 767 1486 853 fovendumque

377 868 540 953 quidquid
564 869 598 933 in
614 890 654 934 ea
676 882 778 954 gente
793 872 914 936 enituit
929 870 1157 949 humanitatis,
1172 870 1348 953 dignitatis
1363 881 1397 936 et
1412 871 1486 954 glo·

378 991 456 1038 nae.

246 1070 355 1116 Recolens
423 1077 544 1143 Fusius
559 1081 622 1145 hac
642 1082 685 1146 de
709 1102 745 1145 re
765 1082 937 1147 vobiscum
953 1079 1083 1164 egimus
1100 1080 1133 1144 in
1156 1080 1349 1144 memoratis
1365 1080 1486 1146 litteris

201 1130 355 1190 procedentes

204 1190 353 1294 imbu-
379 1181 556 1265 encyclicis
580 1205 664 1268 quas
685 1186 814 1252 dudum
836 1186 880 1250 ad
907 1205 967 1250 vos
989 1184 1165 1248 dedimus:
1180 1183 1244 1246 hoc
1261 1201 1363 1248 unum
1381 1185 1486 1251 modo

205 1309 345 1378 episcopos,
379 1294 527 1366 praestat
550 1288 704 1368 recolere,
727 1289 897 1372 religionis
921 1289 989 1352 vim
1014 1296 1049 1351 ct
1075 1287 1232 1351 virtutem
1256 1284 1385 1350 nullum
1412 1287 1486 1370 pati

205 1369 355 1486 mm
380 1386 560 1470 interitum,
586 1392 666 1475 quia
696 1413 736 1456 ea
766 1413 851 1476 quae
878 1394 981 1457 tradit
1012 1389 1175 1473 principia
1202 1389 1383 1468 doctrinae,
1407 1389 1486 1454 Deo

205 1486 356 1592 mm*
380 1501 525 1571 auctore,
550 1495 650 1560 nullis
676 1506 866 1580 temporum
898 1496 1089 1561 locorumve
1127 1491 1250 1557 finibus
1281 1498 1486 1568 coercentur,

331 1579 338 1598 ’
379 1596 504 1680 quippe
513 1598 557 1662 ad
569 1599 711 1664 salutern
721 1611 756 1666 et
765 1601 922 1666 solatium
933 1601 1102 1682 pertinent
1111 1597 1313 1680 populorum
1322 1595 1486 1661 omnium.

379 1697 492 1783 Quare
517 1723 557 1766 ea
572 1703 732 1770 beneficia
750 1706 910 1783 maxima,
933 1713 966 1770 et
990 1702 1102 1768 valida
1117 1699 1284 1785 praesidia
1300 1719 1386 1784 quae
1401 1697 1487 1764 alias

379 1804 494 1871 attulit
508 1808 692 1889 praenobili
703 1810 795 1892 genti
811 1818 941 1874 vestrae
957 1809 1046 1892 potis
1061 1817 1113 1872 est
1129 1805 1239 1870 adhuc
1255 1813 1424 1887 praestare
1438 1804 1485 1868 ad

378 1910 448 1974 eius
464 1909 616 1992 salutern,
631 1915 886 1999 prosperitatem
903 1924 937 1980 et
952 1915 1064 1979 decus.
1087 1912 1165 1976 Hoc
1192 1909 1389 1994 praesertim
1412 1919 1483 1972 tam

378 2013 494 2097 iniquo
524 2025 684 2099 tempore,
718 2038 786 2101 quo
815 2028 911 2083 tanta
940 2027 992 2082 est
1017 2015 1207 2081 animorum
1232 2012 1409 2078 infirmitas
1430 2010 1483 2076 vel

378 2120 586 2199 perturbatio
606 2131 642 2186 ut
664 2130 902 2206 oppugnentur
916 2122 1085 2199 audacter,
1111 2120 1235 2183 nedum
1263 2117 1296 2181 in
1318 2117 1484 2180 incertum

378 2234 583 2306 revocentur,
606 2247 738 2292 summa
768 2227 932 2312 principia
960 2227 1082 2311 quibus
1112 2225 1281 2288 humanae
1312 2221 1484 2286 societatis

378 2327 462 2392 ordo
487 2337 521 2392 et
543 2329 754 2414 tranquilitas
778 2332 976 2406 continetur,
1002 2347 1102 2393 nemo
1132 2336 1183 2392 est
1210 2325 1291 2409 quin
1316 2322 1485 2406 intelligat

378 2450 479 2513 quam
497 2451 632 2497 necesse
647 2434 690 2498 sit
715 2433 884 2518 religionis
899 2435 947 2498 uti
964 2432 1131 2515 praesidio
1146 2439 1180 2494 et
1197 2427 1322 2494 sanctis
1337 2445 1422 2509 quae
1435 2427 1483 2490 ab

380 2553 420 2598 ea
434 2539 611 2602 traduntur
622 2541 808 2622 praeceptis
824 2559 863 2604 ac
878 2537 1098 2604 documentis.

240 2659 355 2730 nonanes
425 2639 590 2706 Convenit
616 2643 786 2707 enimvero
812 2644 899 2707 inter
923 2643 1079 2707 cordatos
1109 2659 1227 2705 omnes
1254 2638 1484 2719 honestosque

203 2720 356 2826 camum
380 2747 467 2810 viros
498 2746 626 2810 nullum
653 2747 773 2812 certius
799 2767 872 2811 esse
901 2749 1081 2830 aptiusque
1110 2742 1294 2809 remedium
1323 2741 1485 2805 adversius

204 2840 255 2944 ἵζ’
276 2852 355 2944 Ἓξ·
381 2851 479 2928 mala,
494 2851 614 2933 quibus
627 2851 752 2916 Nostra
764 2853 926 2934 premitur
937 2861 1030 2916 aetas
1041 2859 1075 2914 et
1087 2847 1234 2932 pericula
1249 2865 1337 2929 quae
1353 2845 1482 2927 impen-

204 2957 310 3004 menae.
379 2953 468 3030 dent,
484 2971 586 3036 quam
601 2954 788 3019 doctrinam
812 2954 1022 3031 catholicam,
1046 2953 1074 3016 si
1090 2953 1219 3034 integra
1237 2949 1427 3031 excipiatur
1447 2957 1484 3010 et

379 3057 579 3141 incorrupta,
595 3077 739 3142 eumque
762 3069 900 3124 teneant
926 3059 1080 3122 homines
1102 3055 1193 3121 vitae
1213 3071 1348 3118 cursum
1364 3051 1421 3135 qui
1436 3051 1482 3116 ad

380 3181 532 3226 normam
549 3162 620 3226 eius
634 3164 799 3247 exigatur.

264 3271 353 3344 ,quvm
424 3264 651 3348 Quamobrem
678 3285 746 3332 non
762 3267 974 3348 ambigimus,
990 3262 1113 3328 Dilecti
1138 3260 1213 3324 Filii
1231 3257 1356 3335 Nostri,
1370 3256 1484 3322 Vene-

203 3333 354 3462 affingi
377 3371 497 3435 rabiles
514 3373 656 3450 Fratres,
670 3374 751 3457 quin
767 3393 808 3438 eo
823 3393 892 3456 quo
907 3373 1084 3454 praestatis
1105 3366 1264 3453 pastorali
1284 3362 1363 3441 zelo,
1378 3361 1485 3427 animi

219 3465 247 3496 ¹“
280 3456 290 3494 ¹
346 3474 409 3537 'vi
425 3483 459 3538 et
486 3478 675 3542 constantia
698 3496 836 3541 manum
863 3477 1043 3541 admovere
1070 3469 1255 3555 properetis
1282 3465 1374 3549 operi
1389 3465 1483 3548 quod

377 3577 472 3642 vobis
497 3579 816 3646 commendavimus.
842 3579 896 3644 Ita
921 3579 1017 3643 vobis
1041 3577 1219 3660 agentibus
1242 3572 1306 3636 erit
1329 3587 1484 3634 summae

378 3681 468 3745 laudi
484 3681 657 3766 iustaeque
683 3682 898 3766 gratulationi
914 3681 1005 3766 quod
1026 3680 1155 3763 optime
1171 3673 1288 3740 mereri
1304 3669 1483 3755 potueritis

377 3785 420 3850 de
435 3785 603 3870 religione,
618 3787 671 3850 cui
687 3787 829 3852 studetis
849 3804 1071 3868 summopere,
1087 3783 1184 3847 aede
1200 3779 1309 3864 patria
1323 3787 1359 3841 et
1378 3783 1483 3858 gente

377 3899 495 3966 vestra,
510 3890 563 3953 cui
587 3890 802 3956 vehementer
825 3891 950 3972 optatis
966 3907 1033 3953 non
1060 3889 1169 3952 minus
1196 3901 1298 3967 quam
1325 3880 1482 3962 cupimus

378 3991 457 4073 ipsi,
472 4003 509 4057 ut
524 4003 655 4060 constet
670 3995 811 4061 immota
825 3994 1050 4078 tranquillitas
1063 4001 1099 4056 et
1114 4000 1235 4054 cuncta
1250 4006 1295 4050 ex
1312 3985 1482 4050 sententia

377 4101 570 4178 procedant.

420 4199 531 4267 Deum
548 4204 674 4268 interea
689 4204 907 4287 adprecantes
919 4213 956 4267 ut
965 4221 1025 4266 vos
1040 4200 1108 4265 suis
1121 4194 1314 4264 muneribus
1329 4189 1482 4257 cumulet

377 4315 411 4370 et
426 4315 535 4370 vestra
562 4307 726 4389 propitius
748 4309 883 4391 incepta
904 4307 1073 4382 secundet,
1090 4299 1324 4386 Apostolicam
1341 4293 1483 4360 benedi·
