3364 4928
233 361 285 412 DE
304 361 525 413 l'RAEClPUIS
544 361 680 411 ClVIUM
697 357 1016 410 CHRISTIANORUM
1034 359 1206 410 OFFICIIS.
1242 361 1260 407 2
1267 361 1287 429 3

175 536 267 618 pales
290 537 472 620 artifices...
503 538 537 600 in
569 535 715 618 aedificio
745 533 917 618 spirituali
938 534 990 618 (²),
1022 544 1123 618 atque
1163 535 1290 599 habent
1320 547 1478 644 mfgffl‘

180 657 357 702 munerum
379 639 560 716 adiutores,
582 659 621 704 ac
639 639 808 702 ministros
824 636 1038 702 consiliorum
1066 636 1215 700 clericos.
1231 637 1289 702 Ad
1358 645 1428 704 189⁰·
1458 623 1465 635 ⁹

180 742 267 807 hanc
294 743 466 808 Ecclesiae
503 744 790 822 constitutionem,
820 762 922 826 quam
959 761 1059 806 nemo
1097 743 1288 806 mortalium

181 857 312 911 mutare
342 856 463 929 potest,
490 849 579 912 actio
609 859 660 913 est
676 847 965 912 accommodanda
995 847 1092 910 vitae.
1110 846 1289 928 Propterea
1314 865 1345 912 at

181 952 467 1033 quemadmodum
496 952 675 1036 Episcopis
689 951 888 1015 necessaria
915 959 967 1014 est
997 969 1073 1013 cum
1089 950 1291 1032 Apostolica
1314 929 1426 1044 §wir

182 1055 271 1120 Sede
286 1055 319 1118 in
343 1055 492 1136 gerendo
508 1056 704 1138 episcopatu
727 1053 929 1130 coniunctio,
945 1054 993 1116 ita
1018 1052 1156 1116 clericos
1172 1051 1290 1114 laicos-

181 1177 247 1240 que
272 1167 408 1241 oportet
431 1179 508 1224 cum
551 1159 729 1242 Episcopis
764 1157 833 1221 suis
867 1155 1141 1221 coniunctissime
1170 1157 1290 1232 vivere,
1382 1197 1384 1202 =

181 1259 288 1343 ag'ere.
305 1299 347 1310 —-
365 1263 519 1345 Ipsorum
542 1263 679 1345 quidem
709 1259 911 1324 Antistituni
941 1259 1056 1342 utique
1078 1267 1190 1342 potest
1217 1278 1290 1322 esse
1431 1341 1437 1352 ·

181 1363 308 1447 aliquid
324 1375 384 1428 aut
411 1366 521 1430 minus
546 1365 715 1430 laudabile
741 1365 773 1428 in
806 1363 964 1440 moribus,
978 1371 1038 1427 aut
1064 1363 1098 1426 in
1115 1362 1290 1426 sententiis
1308 1341 1470 1460 jussg‘jjjm‘

181 1487 247 1531 non
271 1467 447 1550 probabile
462 1469 539 1532 :sed
558 1487 658 1532 nemo
688 1468 837 1550 privatus
862 1475 994 1548 arroget
1021 1466 1084 1530 sibi
1112 1485 1288 1548 personam
1315 1474 1364 1506 ’¹⁰²⁸
1382 1461 1469 1519 preva-

181 1571 309 1649 iudicis,
329 1591 431 1656 quam
459 1573 612 1638 Christus
640 1573 808 1636 Dominus
832 1571 880 1634 illi
911 1571 1073 1653 imposuit
1095 1571 1163 1646 uni,
1188 1590 1289 1653 quem
1315 1523 1471 1649 mitrii

180 1675 276 1758 agnis
291 1683 395 1758 atque
421 1677 539 1740 ovibus
564 1675 734 1758 praefecit.
751 1675 918 1739 Memoria
942 1675 1084 1757 quisque
1107 1682 1223 1738 teneat
1239 1695 1290 1738 sa·
1318 1639 1434 1684 Pam

182 1777 428 1860 pientissimam
445 1777 598 1862 Gregorii
622 1778 735 1860 magni
752 1779 953 1842 sententiam
968 1800 975 1841 :
989 1777 1202 1841 Admonendi
1213 1787 1292 1840 sunt

180 1881 313 1955 subditi.
335 1903 374 1946 uc
395 1882 655 1964 praepositorum
674 1903 809 1946 suorum
833 1881 936 1946 uitam
962 1890 1077 1945 temere
1103 1881 1294 1960 incinerari
1369 1898 1472 1968 curatur

181 1987 265 2069 quid
281 2005 334 2050 eos
347 1985 495 2066 sortasse
512 2007 608 2068 agere
618 1985 909 2069 reprehensibiliter
917 1985 1039 2062 vident,
1050 2007 1089 2048 ne
1109 1985 1292 2050 undernnla
1317 1956 1449 2076 fimus

183 2101 263 2156 recte
281 2090 496 2173 redarguunt,
507 2091 583 2154 inde
600 2101 661 2172 per
677 2090 829 2154 elationis
839 2091 1015 2172 impulsum
1031 2089 1292 2171 inprofundiora

182 2204 383 2278 mergantur.
406 2194 619 2258 Admonendi
640 2203 727 2272 sunt,
750 2215 789 2258 ne
811 2215 884 2258 cum
906 2194 1018 2276 culpas
1034 2195 1292 2277 praepositorum

179 2297 394 2374 considerant,
402 2307 514 2361 contra
530 2319 583 2361 eos
599 2297 790 2362 arrdacieres
799 2297 901 2380 finnt,
912 2297 973 2360 sed
989 2297 1045 2374 sic,
1059 2297 1093 2361 si
1111 2317 1177 2379 qua
1198 2299 1292 2362 ualde

180 2411 378 2465 sunteornrn
391 2413 510 2483 praua,
522 2402 615 2482 apud
618 2402 800 2485 semetipsos
810 2401 998 2477 diiudicent,
1009 2411 1048 2464 ut
1055 2411 1164 2466 tamen
1178 2402 1294 2466 divine

181 2502 565 2585 timoreconstrictiferre
575 2507 634 2568 sub
649 2505 697 2568 eis
712 2507 827 2588 iugum
840 2505 1037 2568 reverentiae
1048 2525 1111 2568 non
1123 2516 1294 2575 recusent...

179 2606 283 2670 Facta
302 2607 416 2690 quippe
429 2609 692 2691 praepositorum
718 2609 787 2672 oris
800 2607 917 2690 gladie
935 2608 1093 2687 feriende
1120 2629 1182 2672 nen
1204 2620 1290 2673 sunt.

178 2709 278 2773 etiarn
287 2731 361 2774 curn
377 2722 458 2775 recte
471 2712 730 2794 reprehendenda
742 2711 957 2794 indicantur(
975 2711 997 2794 ).

225 2814 469 2879 Verumtamen
491 2837 609 2900 parum
641 2827 721 2881 sunt
747 2829 869 2880 conata
890 2815 1073 2899 profutura,
1089 2818 1152 2880 nisi
1168 2820 1210 2882 ad
1229 2821 1292 2882 vir-

178 2927 290 2981 tutum
304 2917 560 2984 christianarum
573 2920 787 3003 disciplinam
804 2921 874 2984 vita
889 2920 1093 2986 instituatur.
1103 2957 1145 2969 -
1162 2921 1225 2984 Illa
1240 2930 1307 2985 est·
1339 2977 1468 3023 summum

180 3039 351 3086 sacrarum
372 3023 576 3088 Litterarum
591 3025 634 3088 de
652 3025 853 3089 Iudaeorum
881 3043 1004 3107 genere
1019 3025 1208 3090 sententia:
1229 3025 1290 3090 Us-
1317 3038 1458 3108 renalium·

178 3124 331 3206 quadum
357 3146 420 3189 non
437 3136 606 3210 peccarent
628 3129 663 3190 in
689 3137 848 3209 conspectu
861 3127 930 3190 Dei
947 3127 1199 3202 retinentium
1222 3128 1291 3192 illis
1315 3097 1467 3202 iff‘iiriii.

179 3230 262 3294 bena
272 3253 285 3294 :
300 3229 393 3294 Deus
406 3230 494 3294 enim
506 3231 638 3295 illerum
653 3232 724 3296 odit
733 3233 981 3315 iniquitatem...
998 3230 1081 3297 Cum
1094 3232 1293 3296 recessissent
1315 3215 1468 3326 {lissssas'm

178 3355 202 3397 a
214 3333 280 3412 uia,
298 3355 400 3417 quarn
419 3334 553 3398 dederat
570 3335 639 3398 illis
651 3336 751 3414 Dens,
763 3345 800 3399 ut
812 3333 1021 3399 arnbnlarent
1035 3335 1070 3399 in
1085 3337 1289 3412 ea,extermi·

180 3440 257 3504 nati
273 3450 353 3504 sunt
366 3441 505 3522 praeliis
519 3464 540 3505 a
561 3443 677 3506 rnrcltis
696 3442 883 3506 stationibus
895 3442 948 3524 (³).
963 3442 1069 3524 Atqui
1097 3443 1293 3530 inchoatam

180 3543 323 3608 sormam
340 3545 456 3627 populi
472 3545 643 3611 christiani
669 3550 808 3629 gerebat
841 3547 1043 3610 Iudaeorum
1060 3545 1173 3610 natio:
1188 3555 1289 3630 atque
1312 3595 1397 3654 mm.
1422 3596 1468 3645 Ju-

179 3647 216 3711 in
240 3647 410 3712 veteribus
436 3669 550 3714 eorum
579 3651 712 3716 casibus
739 3672 840 3733 saepe
863 3652 976 3734 imago
1003 3650 1110 3714 inerat
1141 3651 1289 3716 ueritatis
1314 3653 1468 3758 caeptum

180 3749 333 3814 loturae:
359 3751 421 3814 nisi
446 3752 538 3835 quod
577 3752 677 3838 longe
703 3755 884 3818 maioribus
909 3751 1079 3818 beneficiis
1099 3753 1197 3818 auxit
1228 3775 1289 3819 nos
1314 3727 1413 3762 ‘ma'

178 3861 285 3936 atque
313 3854 446 3920 ornavit
472 3855 587 3919 divina
617 3855 817 3939 benignitas,
832 3859 878 3921 ob
907 3876 1049 3938 eamque
1072 3876 1141 3920 rem
1167 3857 1289 3938 ingrati

177 3956 285 4020 animi
300 3957 426 4021 crimen
444 3959 551 4024 multo
566 3957 666 4024 efficit
682 3961 938 4026 christianorum
956 3960 1109 4042 graviora
1124 3959 1257 4024 delicta.

225 4058 378 4125 Ecclesia
394 4063 529 4145 quidem
547 4063 640 4127 nullo
665 4073 816 4147 tempore
835 4064 993 4146 nulloque
1009 4064 1112 4128 modo
1127 4064 1292 4128 deseritur

177 4183 200 4225 a
225 4161 323 4228 Deo:
342 4184 445 4247 quare
461 4167 543 4230 nihil
559 4176 619 4243 est,
634 4169 725 4250 quod
754 4168 815 4231 sibi
833 4168 876 4231 ab
892 4167 1066 4230 hominurn
1083 4168 1206 4232 scelere
1222 4189 1291 4232 me-

1355 805 1401 864 qui
1411 803 1468 850 ordo

1357 864 1468 910 omnibus

213 4330 232 4362 r.
251 4317 278 4364 S.
296 4318 377 4366 Tium.
392 4320 502 4377 Quodlil.
517 4331 534 4374 1,
545 4331 600 4368 xtv.
618 4346 647 4355 -
671 4336 691 4366 a
706 4323 763 4381 Reg.
784 4321 875 4367 Pastor.
895 4321 932 4374 Ρ.,
944 4331 982 4374 111,
994 4321 1054 4380 Cap.
1069 4333 1103 4368 ιν.
1115 4347 1145 4355 -
1165 4323 1289 4380 3.1udith.

180 4407 251 4446 mr.
263 4407 297 4439 22.
