3354 4938
438 263 487 312 DE
506 262 720 314 CONDITION
725 262 747 312 E
766 259 958 313 OPIFICUM.
1181 257 1252 326 203

138 453 194 506 tes
226 450 349 504 tamen.
385 439 478 504 Inter
508 438 569 502 has
602 447 636 504 et
659 457 817 522 magnam
852 436 944 500 illam
976 435 1173 500 societatem
1207 431 1252 496 ob
1315 443 1396 534 mg!
1457 451 1458 454 ¹
1487 409 1489 412 ⁵
1587 423 1590 432 ’
1637 523 1639 530 Α
1666 515 1667 526 ¹

139 540 335 608 differentes
355 559 490 606 caussas
506 543 680 624 proximas
695 541 833 606 interest
848 541 1038 625 plurimum.
1055 537 1147 604 Finis
1164 537 1253 602 enim
1324 541 1392 626 1891·
1474 617 1476 622 Ι
1535 549 1538 552 “
1597 559 1667 618 s,

139 645 296 711 societati
323 644 411 708 civili
437 645 629 728 propositus
659 644 803 728 pertinet
830 645 874 708 ad
898 644 1080 720 universos,
1094 641 1253 726 quoniam
1296 652 1434 700 Sunturae

140 749 314 813 communi
346 749 537 814 continetur
567 749 672 814 bono:
694 747 788 812 cuius
819 767 937 812 omnes
960 758 993 812 et
1016 745 1165 830 singulos
1192 765 1255 828 pro
1281 715 1433 890 ἳῖἶῖῗωῄν.

1384 845 1394 876 t
1411 845 1434 876 e·

141 857 300 940 portione
326 863 501 939 compotes
521 875 594 922 esse
618 857 669 921 ius
695 865 755 921 est.
781 855 893 940 Quare
917 855 1107 940 appellatur
1122 853 1255 937 publico
1274 831 1434 936 {man-

141 960 223 1044 quia
238 979 388 1042 peream
404 959 550 1024 homines
571 959 639 1025 sibi
663 959 801 1024 invicem
819 961 1058 1024 communicant
1073 960 1107 1023 in
1125 979 1192 1022 una
1208 979 1256 1020 ra·
1274 949 1434 1068 ᾗζζῑᾝξ
1495 1043 1498 1048 Ι

132 1064 270 1154 publicu
283 1062 507 1128 constituenda
522 1063 570 1147 (¹).
586 1063 713 1130 Contra
728 1084 817 1142 vero,
831 1082 918 1146 quae
933 1064 967 1128 in
984 1065 1054 1128 eius
1075 1062 1165 1128 velut
1181 1063 1256 1126 sinu
1283 1082 1326 1116 mo·

142 1167 329 1250 iunguntur
343 1169 529 1246 societates,
544 1168 693 1252 privatae
713 1167 880 1233 habentur
894 1177 928 1234 et
943 1178 1031 1245 sunt,
1046 1167 1125 1251 quia
1140 1165 1255 1230 uideli-

142 1280 198 1336 cet
213 1271 305 1350 illud,
320 1291 388 1354 quo
402 1273 558 1355 proxime
573 1283 736 1356 spectant,
753 1272 882 1356 privata
899 1271 1025 1337 utilitas
1041 1280 1102 1350 est,
1112 1271 1155 1334 ad
1166 1269 1256 1334 solos

144 1375 318 1459 pertinens
331 1378 548 1442 consociatos.

187 1477 334 1542 Privata
348 1493 459 1543 autem
472 1481 606 1546 societas
619 1489 676 1559 est,
690 1501 773 1563 quae
786 1479 836 1544 ad
845 1480 983 1562 aliquod
1007 1477 1171 1563 negotium
1181 1477 1254 1559 pri-

140 1589 260 1646 vatum
275 1583 483 1648 exercendum
498 1583 716 1666 coniungitur,
729 1583 815 1648 sicut
826 1583 916 1666 quod
926 1583 990 1648 duo
1004 1584 1058 1648 vel
1069 1593 1135 1648 tres
1159 1581 1256 1647 socie-

141 1693 243 1750 tatem
260 1685 383 1764 ineunt,
399 1695 437 1750 ut
449 1687 556 1753 simul
562 1688 767 1771 negotientur
777 1687 823 1773 (²).
840 1688 939 1752 Nunc
955 1707 1034 1754 vcro
1049 1705 1256 1771 quamquam
1282 1679 1361 1726 Proin
1371 1679 1433 1752 ‘³⁹⁸2‘

142 1789 322 1856 societates
348 1791 499 1872 privatae
523 1795 676 1858 existunt
698 1795 733 1857 in
759 1792 903 1871 civitate,
918 1792 1056 1875 eiusque
1072 1801 1150 1857 sunt
1165 1789 1256 1855 velut
1282 1745 1435 1870 beselam

141 1902 256 1976 partes
268 1893 422 1970 totidem,
431 1903 544 1959 tamen
561 1896 715 1960 universa
726 1915 765 1960 ac
776 1917 836 1979 per
851 1917 887 1960 sc
900 1916 967 1961 non
981 1905 1032 1960 est
1043 1897 1077 1960 in
1089 1903 1256 1979 potestate
1281 1859 1432 1978 {wspsss

142 1997 349 2079 reipublicae
364 2017 407 2061 ne
422 1999 572 2064 existant
596 1999 782 2082 prohibere.
797 1999 947 2064 Privatas
972 1999 1061 2064 enim
1078 1999 1255 2064 societates
1280 1981 1393 2029 ‘'ma''

142 2101 227 2164 inire
252 2119 448 2165 concessum
475 2112 526 2166 est
550 2101 678 2166 homini
703 2102 772 2165 iure
806 2113 965 2167 naturae:
992 2110 1044 2167 cst
1070 2111 1182 2166 autem
1210 2101 1254 2164 ad

143 2203 349 2286 praesidium
376 2203 456 2268 iuris
483 2205 643 2269 naturalis
669 2205 823 2270 instituta
848 2206 976 2284 civitas,
991 2225 1058 2269 non
1082 2205 1125 2270 ad
1142 2203 1253 2267 interi·

142 2317 233 2372 tum:
248 2326 354 2390 eaque
369 2309 396 2372 si
412 2307 534 2374 civium
559 2317 674 2374 coetus
700 2309 819 2374 sociari
843 2309 996 2387 vetuerit,
1009 2310 1109 2392 plane
1140 2325 1253 2371 secum

144 2411 331 2493 pugnantia
341 2419 429 2495 agat,
442 2421 618 2494 propterea
628 2412 717 2495 quod
730 2420 800 2475 tam
811 2411 875 2495 ipsi
890 2432 992 2495 quarn
1008 2419 1125 2476 coetus
1135 2411 1254 2494 privati

143 2531 213 2578 uno
229 2514 292 2578 hoc
307 2535 326 2578 e
341 2515 506 2598 principio
532 2525 723 2593 nascuntur,
738 2515 828 2599 quod
854 2515 1008 2580 homines
1033 2525 1112 2580 sunt
1136 2525 1255 2578 natura

139 2618 404 2702 congregabiles.

188 2721 346 2786 Incidunt
356 2722 538 2805 aliquando
549 2730 703 2805 tempora
714 2742 791 2788 cum
801 2723 831 2787 ei
843 2724 957 2806 generi
969 2723 1254 2788 communitatum
1297 2739 1433 2786 ausaausa*-

306 2827 313 2840 .
517 2825 524 2840 .
690 2828 721 2842 ..
811 2827 819 2841 .
884 2827 892 2842 .
1103 2827 1178 2842 .·
1282 2803 1432 2852 tutum,cum

141 2834 270 2890 rectum
287 2835 330 2890 sit
345 2826 436 2908 leges
451 2825 627 2892 obsistere:
651 2827 777 2892 scillcet
792 2847 820 2890 sr
835 2828 1021 2910 quidquam
1039 2847 1084 2891 ex
1100 2836 1256 2890 instrtuto
1275 2858 1387 2916 mm„

141 2940 384 3012 persequantur
399 2931 489 3013 quod
506 2949 582 2994 cum
609 2929 787 3012 probitate,
802 2950 878 2994 cum
895 2931 1033 3007 iustitia,
1049 2951 1125 2994 cum
1147 2930 1255 3010 reipu·
1280 2932 1336 3028 {2⁴52}
1358 2917 1432 3021 ‘²22‘ss

141 3032 249 3097 blicae
265 3032 373 3098 salute
388 3043 503 3116 aperte
518 3034 688 3099 dissideat.
704 3032 835 3117 Quibus
845 3034 878 3098 in
890 3033 1014 3098 caussis
1031 3033 1101 3098 iure
1116 3033 1253 3115 quidem
1280 3036 1365 3140 gfff
1385 3041 1432 3154 52·

142 3147 293 3222 potestas
310 3137 453 3220 publica,
469 3158 537 3221 quo
553 3139 662 3203 minus
686 3138 763 3202 illae
779 3140 979 3216 coalescant,
994 3137 1168 3219 impediet:
1185 3138 1255 3199 iure
1277 3153 1434 3213 gneo-Seu

142 3240 247 3306 etiam
263 3241 426 3306 dissolvet
452 3241 593 3306 coalitas
611 3266 618 3306 :
633 3261 799 3306 summam
826 3252 938 3305 tamen
955 3239 1113 3306 adhibeat
1129 3240 1254 3304 cautio·
1280 3219 1433 3331 ἷζᾝῖζ.

143 3365 222 3410 nem
246 3365 382 3410 necesse
415 3355 477 3422 est,
499 3365 541 3410 ne
563 3345 635 3410 iura
669 3347 791 3410 civium
830 3345 973 3429 migrare
1006 3346 1168 3424 videatur,
1189 3365 1253 3409 neu
1281 3333 1390 3413 ΜΨ·

143 3449 328 3532 quidquam
356 3469 415 3531 per
441 3451 586 3532 speciem
603 3449 756 3515 utilitatis
772 3450 926 3532 publicae
940 3458 1078 3528 statuat,
1093 3451 1184 3534 quod
1202 3469 1252 3512 ra·

141 3553 192 3620 tio
204 3574 271 3619 non
281 3554 409 3637 probet.
416 3555 565 3620 Eatenus
575 3555 663 3620 enim
677 3556 980 3638 obtemperandum
991 3555 1129 3639 legibus,
1138 3556 1251 3638 quoad

142 3677 221 3722 cum
233 3667 323 3724 recta
333 3659 470 3736 ratione,
481 3660 634 3743 adeoque
643 3680 719 3724 curn
733 3659 807 3743 lege
820 3661 885 3724 Dei
898 3661 1101 3744 sempiterna
1113 3679 1253 3723 consen·

142 3762 231 3827 tiant
244 3763 298 3844 (3).

175 3932 194 3965 n.
208 3920 232 3964 S.
246 3919 344 3972 Thom..
359 3921 449 3966 Contra
461 3923 630 3982 impugnantes
641 3921 689 3967 Dei
698 3923 792 3966 cultum
802 3927 825 3966 et
835 3921 983 3980 religionem,
996 3935 1048 3980 cap.
1064 3921 1096 3966 ll.
1106 3945 1136 3953 -
1146 3934 1167 3964 2.
1181 3919 1215 3964 lb.

172 4007 194 4051 3.
213 3995 263 4040 Lex
272 3997 381 4042 humma
392 3997 421 4042 in
431 4003 528 4043 tautum
539 3999 609 4043 llalet
615 3998 734 4043 rationem
745 3997 811 4056 tegis,
824 3998 852 4041 tu
867 4002 988 4054 quantum
998 4002 1032 4042 est
1040 3996 1170 4042 secundum
1181 3995 1256 4040 ratio·

141 4083 198 4117 nem
208 4077 305 4124 rectam,
312 4077 335 4118 et
344 4073 471 4118 senodum
478 4075 520 4120 hoc
527 4073 683 4133 manifestam
689 4077 722 4119 est
732 4073 815 4131 quoda
827 4073 875 4130 lege
882 4077 980 4118 aetem
991 4072 1128 4118 derivatur.
1139 4073 1170 4118 ln
1180 4085 1257 4130 quau-

142 4149 196 4192 tum
216 4163 271 4193 vero
281 4163 297 4193 a
308 4149 404 4194 ratione
420 4149 516 4200 recedit,
528 4149 563 4194 sic
572 4148 670 4194 dicitur
678 4150 718 4194 tex
728 4147 824 4207 iniqua,
837 4151 861 4193 et
868 4147 903 4192 sic
913 4161 960 4193 nou
971 4148 1041 4194 tabet
1059 4147 1179 4194 rationem
1190 4149 1256 4208 tegis,

143 4223 185 4269 sed
199 4224 284 4282 magis.
306 4223 436 4269 vlotentiae
455 4223 589 4270 cuiusdam.
616 4223 649 4284 (S.
668 4225 756 4271 Thom.
774 4225 843 4269 Sum.
872 4223 961 4276 Tmou,
990 4223 1046 4277 1-11.
1064 4223 1162 4280 Quaest.
1184 4224 1254 4271 Xlll.

143 4313 167 4349 a·
182 4299 243 4357 ΙΙΙ.)
