3354 4938
168 271 228 325 De
237 273 356 326 FESTO
367 273 397 326 S.
413 271 566 326 IOSEPHI
578 273 620 324 ΙΝ
636 273 765 328 ITALIA
779 273 982 328 SUPERIORI
992 275 1189 330 AUGENDO.
1214 259 1279 329 161

168 447 292 516 habita
317 451 446 516 radone
469 450 656 534 regionum,
678 469 767 516 nunc
791 470 850 534 per
873 449 1009 516 Italiam
1025 459 1134 518 totam
1151 471 1196 516 ex
1211 451 1284 536 ipsa
1309 451 1462 572 imas}

168 551 376 636 populorum
392 551 566 620 voluntate
582 552 655 637 pari
668 551 786 620 Sancti
805 551 941 636 Iosephi
956 552 1061 619 cultui
1077 553 1285 619 instituendo
1310 575 1339 618 ra
1349 579 1462 631 suman

168 652 312 722 solerter
325 658 424 722 detur
448 675 559 740 opera
587 653 687 722 Certe
715 654 807 721 nulla
830 654 977 740 pietatis
1001 653 1093 722 nulla
1113 655 1285 722 christiani
1311 632 1379 680 ‘'m''

166 755 351 824 cuiuslibet
365 757 467 824 officii
481 758 583 824 debet
598 777 672 824 esse
687 757 770 837 laus,
784 776 887 842 quarn
903 757 966 822 sibi
979 778 1060 843 prae
1074 759 1193 825 ceteris
1204 780 1285 844 gen·

166 859 264 926 tibus
278 861 418 946 adipisci
434 881 501 928 non
518 860 726 927 contendant
741 861 895 946 regiones
911 859 1042 938 Italiae,
1058 860 1091 925 in
1111 881 1179 946 qua
1192 863 1286 928 Deus

167 960 334 1046 singulari
357 963 521 1030 beneficio
536 973 571 1028 et
587 962 702 1029 sedem
728 963 779 1029 sui
800 964 833 1027 in
851 963 947 1028 terris
962 963 1087 1042 vicarii,
1103 972 1137 1030 et
1153 963 1286 1030 divinae

167 1067 325 1134 veritatis
339 1068 545 1146 cathedram,
559 1075 594 1133 et
608 1067 794 1133 catholicae
817 1067 957 1134 unitatis
973 1076 1124 1133 centrum
1144 1067 1287 1135 colloca-

168 1171 234 1238 vit.
248 1171 331 1250 Nos,
357 1173 416 1256 qui
441 1173 523 1237 dum
546 1171 693 1255 populos
717 1171 892 1257 ,universos
918 1179 953 1236 et
979 1171 1130 1254 singulos
1146 1183 1286 1256 paterna
1345 1193 1402 1254 spu
1426 1197 1463 1251 op-

170 1275 549 1360 benevolentiapariter
563 1275 829 1359 complectimur,
845 1273 1006 1358 singulari
1022 1277 1171 1343 caritatis
1188 1297 1286 1343 sensu
1312 1252 1375 1358 '‘mm“
1387 1264 1465 1357 ,ὥ

170 1377 221 1442 ad
237 1377 343 1443 Italos
357 1379 563 1462 respicimus,
578 1398 673 1462 spem
689 1379 814 1442 bonam
840 1375 992 1443 fovemus
1018 1379 1089 1444 iore
1104 1391 1142 1445 nt
1163 1401 1286 1446 novum
1313 1375 1391 1476 m
1403 1371 1465 1476 32}

169 1480 240 1548 hoc
255 1482 390 1565 pietatis
405 1484 539 1567 pignus,
562 1482 654 1566 quod
671 1482 705 1546 in
721 1499 822 1564 supra
844 1481 944 1548 dictis
969 1483 1165 1567 regionibus
1181 1484 1288 1550 Beato
1313 1490 1389 1537 rirur.

170 1581 304 1650 Mariae
320 1585 470 1669 Virginis
487 1585 622 1669 Sponso
638 1583 854 1649 tribuendum
875 1591 936 1662 est,
961 1593 1140 1668 acceptum
1164 1587 1211 1652 illi
1235 1588 1287 1666 sit,

168 1684 228 1750 cui
242 1687 399 1768 defertur,
413 1689 454 1752 iis
469 1708 548 1753 vero
559 1687 617 1770 qui
629 1686 785 1750 deserunt
796 1685 1013 1752 fructuosum.
1028 1687 1122 1752 Nihil
1134 1689 1224 1754 enim
1236 1699 1288 1756 est
1343 1715 1463 1764 padusa

169 1787 379 1856 difficillimis
408 1789 501 1856 hisce
526 1789 734 1874 temporibus
760 1788 804 1853 ad
820 1789 1023 1853 servandum
1045 1791 1285 1874 patrimonium
1311 1775 1337 1822 ⁸·
1380 1775 1465 1821 Μ’

169 1888 262 1971 fidei,
276 1896 363 1959 etad
376 1896 481 1960 vitam
493 1894 673 1960 christiane
689 1893 857 1975 agendam
869 1891 1044 1969 efficacius,
1059 1913 1160 1976 quarn
1174 1904 1285 1978 patro·
1312 1835 1465 2013 ἓξὲξ

168 1993 299 2062 cinium
316 1997 433 2064 Sancti
445 1996 580 2081 Iosephi
592 1995 765 2073 demereri,
776 2004 878 2078 atque
894 1995 980 2060 adeo
995 1997 1140 2078 gratiam
1157 1999 1285 2064 Mariae
1310 2013 1348 2056 ria
1395 2013 1463 2082 pata

169 2096 241 2163 Dei
258 2099 377 2166 Matris
392 2101 571 2166 castissimi
588 2100 638 2164 sui
654 2097 769 2182 sponsi
781 2097 959 2164 clientibus
975 2099 1159 2164 conciliare.
1170 2100 1283 2184 Quare
1312 2072 1451 2119 remanum.

167 2201 321 2270 admotis
344 2207 387 2270 ad
420 2204 494 2271 Nos
517 2203 672 2288 precibus
698 2202 854 2285 votisque
880 2201 1025 2285 benigne
1055 2200 1284 2271 obsecundare

166 2305 331 2388 volentes,
359 2311 443 2376 moti
469 2308 636 2391 suffragiis
660 2325 828 2371 sacrorum
859 2305 1073 2385 Antistitum,
1102 2310 1159 2390 qui
1181 2329 1283 2392 supra

168 2413 366 2478 memoratis
404 2413 613 2479 dioecesibus
650 2417 819 2495 praesunt,
852 2409 1054 2494 Apostolica
1083 2412 1284 2479 auctoritate

168 2512 310 2594 Nostra,
331 2517 451 2583 barum
474 2517 661 2582 litterarum
688 2514 730 2592 vi,
756 2512 990 2598 praecipimus,
1012 2513 1222 2582 decernimus
1245 2529 1283 2584 ut
1309 2539 1311 2547 ’
1362 2531 1461 2601 rarum

167 2617 245 2682 dier
271 2620 544 2704 undevigesimus
582 2617 706 2684 mensis
734 2617 850 2684 Martii
883 2619 1065 2684 memoriae
1092 2619 1283 2686 Beatissimi
1307 2595 1453 2708 {wlff

169 2720 386 2789 Patriarchae
402 2722 539 2806 Iosephi
549 2721 747 2787 recolendae
762 2741 856 2787 sacer
870 2720 904 2786 in
920 2722 1076 2788 omnibus
1092 2731 1126 2787 et
1142 2722 1283 2808 singulis
1307 2707 1461 2826 2„ssng

169 2823 399 2906 Pedemonth,
413 2827 581 2911 Liguriae,
597 2824 773 2892 Sardiniae
796 2843 857 2889 nee
874 2842 942 2889 non
958 2823 1218 2908 Longobardiae
1233 2846 1282 2890 re·
1307 2826 1449 2873 tumim

169 2927 329 3012 gionibus
345 2931 379 2996 in
402 2931 533 2997 dierum
559 2928 719 2995 festorum
747 2947 888 2992 numero
913 2927 976 2992 rite
996 2940 1179 2996 censeatur.
1203 2931 1281 2994 Pro·
1306 2886 1462 3004 pmcppuprm

170 3041 290 3116 pterea
304 3035 475 3100 christiani
487 3054 605 3100 omnes
620 3051 724 3117 quum
740 3041 858 3096 sancto
874 3032 999 3097 Missae
1014 3031 1176 3098 sacrificio
1186 3034 1282 3098 ades·
1307 3004 1459 3051 '‘mndm'

170 3147 304 3214 sctum
318 3137 416 3204 abiis
431 3138 599 3222 operibus,
613 3156 701 3220 quae
723 3135 856 3200 servilia
879 3133 947 3200 dici
972 3134 1091 3214 solent,
1115 3137 1284 3203 abstinere

170 3251 355 3326 praecepto
365 3242 501 3308 debent.
525 3241 604 3306 Non
617 3237 839 3316 obstantibus,
859 3238 1013 3321 quamvis
1030 3239 1167 3322 speciali
1182 3251 1285 3325 atque

169 3341 347 3412 individua
373 3346 545 3412 mentione
574 3365 613 3410 ac
638 3342 855 3425 derogatione
882 3339 1003 3426 dignis,
1018 3341 1051 3406 in
1079 3347 1284 3409 contrarium

168 3442 372 3514 tacienubus
395 3448 670 3532 quibuscumque.
693 3444 860 3510 Volumus
875 3453 988 3508 autem
1005 3455 1042 3510 ut
1059 3449 1286 3529 praesentium

168 3547 358 3618 litterarum
373 3551 602 3634 transumptis
617 3571 675 3617 seu
691 3548 867 3631 exemplis,
881 3549 983 3613 etiam
993 3549 1173 3633 impressis,
1185 3572 1286 3617 manu

167 3653 311 3722 alicuius
342 3655 475 3722 Notarii
508 3653 635 3739 publici
662 3652 866 3736 subscriptis,
892 3659 926 3717 et
941 3651 1053 3736 sigillo
1074 3674 1238 3738 personae
1253 3659 1286 3721 in

167 3757 397 3826 ecclesiastica
420 3761 591 3843 dignitate
616 3759 819 3823 constitutae
842 3755 980 3821 munitis
1006 3757 1126 3822 eadem
1152 3779 1287 3841 prorsus

168 3859 258 3926 fides
266 3862 568 3947 adhibeatur,quae
582 3861 796 3926 adhiberetur
805 3859 886 3944 ipsis
897 3859 1168 3943 praesentibus,si
1179 3860 1289 3928 forent

168 3965 347 4034 exhibitae
361 3967 414 4033 vel
430 3975 597 4032 ostensae.

221 4071 350 4136 Datum
372 4071 503 4136 Romae
520 4070 611 4153 apud
630 4067 663 4134 S.
681 4068 818 4133 Petrum
834 4065 898 4129 sub
913 4064 1015 4130 anulo
1039 4065 1217 4131 Piscatoris
1232 4068 1287 4133 die

173 4191 196 4258 3
214 4176 330 4242 Martii
349 4179 443 4259 1891,
459 4173 678 4240 Pontificatus
690 4171 806 4236 Nostri
821 4189 912 4234 anno
926 4169 1058 4233 decimo
1072 4179 1199 4252 quarto.

631 4283 678 4349 M.
694 4281 808 4348 Cano.
826 4277 1200 4346 LEDOCHOWSKI.

267 4473 344 4518 Aera
361 4469 462 4516 Leonis
478 4465 551 4512 xm.
1123 4459 1166 4507 lv.
1178 4485 1207 4495 —
1220 4477 1253 4510 11.
