3352 4926
374 273 444 346 272
612 275 735 326 sarava
754 261 775 292 ‘¹
794 273 946 327 aonam
964 275 1188 328 rourrrrcss
1207 309 1228 340 ,‚

195 450 346 555 „¹2⁰³”thss
371 451 548 518 Catholico
569 453 733 518 Antistite
752 453 896 536 gratiam
920 462 954 517 et
968 453 1240 518 communionem
1259 453 1485 536 Apostolicae

193 523 304 626 amiato.
372 555 470 622 Sedis
510 557 656 622 habente
693 556 941 640 excipiendum,
977 557 1065 637 Tibi,
1100 557 1312 622 Venerabilis
1351 557 1484 639 Frater,

303 661 632 726 destinavimus:
666 681 706 726 ac
735 661 900 739 volumus,
929 670 966 726 ut
996 659 1068 744 ipse
1098 661 1253 727 Antistes
1284 660 1363 726 Tibi
1394 663 1479 728 illud

369 765 519 848 assignet
530 765 627 829 iuxta
637 765 779 829 sormam
792 766 1041 848 praescriptam,
1057 785 1158 849 quam
1175 765 1300 830 idcirco
1317 785 1383 830 una
1399 787 1480 831 curn

369 867 503 933 Nostris
530 868 621 933 hisce
647 868 784 932 Litteris
808 869 991 932 transmitti
1016 869 1260 947 mandavimus,
1287 871 1482 953 pariterque

366 970 530 1050 volumus,
541 982 577 1037 ut
594 971 682 1036 idem
700 970 853 1035 Antiates
870 992 890 1035 a
905 969 966 1048 Te,
981 973 1109 1036 Nostro
1124 981 1158 1036 et
1172 971 1348 1038 Romanae
1360 972 1479 1037 Eccle-

367 1075 436 1140 siae
452 1077 598 1153 nomine,
613 1074 928 1141 fidelitatisdebitae
939 1075 1075 1140 solitum
1086 1076 1229 1159 accipiat
1239 1077 1477 1156 iuramentum,

368 1183 465 1245 iuxta
480 1179 623 1245 sormam
651 1181 774 1263 pariter
790 1178 964 1245 definitam
990 1191 1023 1244 et
1044 1200 1204 1245 unacum
1220 1181 1311 1245 hisce
1338 1182 1480 1246 Litteris

366 1284 669 1348 transmittendam.
687 1282 844 1349 Ceterum
855 1303 921 1348 non
938 1294 990 1349 est
1005 1305 1062 1348 cur
1079 1303 1276 1348 moneamus
1291 1285 1350 1362 Te,
1363 1285 1476 1352 Vene-

366 1386 479 1452 rabilis
512 1387 637 1464 Frater,
662 1387 696 1450 in
729 1386 835 1450 Pallio
861 1407 906 1451 ex
936 1389 1050 1451 ovium
1081 1386 1158 1451 lana
1181 1396 1345 1452 contexto
1374 1409 1474 1454 ovem

365 1495 544 1577 designari,
570 1513 671 1578 quam
688 1493 796 1558 bonus
820 1495 937 1558 Pastor
959 1493 1172 1560 oberrantem
1194 1496 1262 1559 suis
1278 1496 1472 1580 impositam

364 1599 512 1663 humeris
542 1599 575 1661 in
607 1597 694 1662 ovile
724 1599 869 1674 reduxit,
889 1607 923 1662 et
950 1598 1028 1662 inde
1061 1598 1268 1681 Episcopum
1296 1601 1474 1664 admoneri

364 1721 500 1767 omnem
516 1701 579 1766 sibi
591 1702 739 1767 dandam
753 1722 824 1766 esse
836 1721 982 1784 operam,
995 1709 1040 1778 ut,
1052 1702 1096 1765 ad
1106 1701 1186 1766 boni
1198 1703 1344 1767 Pastoris
1356 1724 1473 1768 exem-

362 1806 466 1891 plum,
479 1806 670 1870 deerrantes
681 1805 732 1870 sui
744 1806 855 1889 gregis
864 1825 953 1883 oves,
968 1804 1123 1887 luporum
1139 1807 1265 1889 praeda
1274 1827 1316 1872 ne
1325 1807 1416 1888 liant,
1426 1813 1471 1876 ad

365 1910 490 1976 Christi
505 1909 618 1973 caulas
645 1911 808 1974 traducat.
836 1911 874 1974 ld
892 1910 1106 1974 concedimus
1122 1919 1223 1993 atque
1248 1911 1475 1994 indulgemus,

364 2035 432 2080 non
448 2014 661 2080 obstantibus
686 2013 991 2079 Constitutionibus
1016 2023 1050 2078 et
1071 2013 1349 2080 Ordinationibus
1373 2017 1471 2102 Apo-

366 2120 493 2186 stolicis
510 2120 695 2202 ceterisque
717 2118 890 2184 contrariis
905 2118 1180 2202 quibuscumque.
1198 2119 1326 2184 Datum
1338 2121 1472 2187 Romae

365 2225 456 2310 apud
474 2224 637 2292 Sanctum
662 2224 808 2301 Petrum,
839 2222 901 2287 sub
933 2223 1052 2287 Anulo
1082 2223 1270 2303 Piscatoris‚
1300 2225 1355 2290 die
1382 2225 1471 2291 XVl

368 2327 444 2392 Iulii
469 2325 835 2405 MDCCCLXXXIX,
859 2325 1076 2391 Pontificatus
1102 2326 1218 2392 Nostri
1243 2328 1350 2393 Anno
1372 2329 1475 2394 Deci

364 2449 421 2497 mo
444 2432 600 2498 secundo

765 2549 830 2613 Pro
847 2549 996 2613 Domino
1013 2549 1111 2618 Card.
1128 2550 1382 2617 Ledochowslri.

732 2668 761 2718 F.
779 2666 992 2720 ARCHIEPUS
1008 2667 1228 2724 SELEUCIEN.
1245 2669 1414 2724 SUBSTUS.
