3362 4944
202 267 255 318 DE
274 267 454 319 STATUTIS
470 265 674 318 SEMINARII
692 265 881 319 COMILLAS
901 267 1124 323 PROBANDIS.
1188 273 1253 342 127

139 444 341 510 seminariis.
358 445 469 509 Morte
485 444 671 525 intercepto
685 443 850 524 Antonio,
866 465 966 528 quem
991 446 1055 512 hoc
1071 449 1207 531 pietatis
1223 458 1256 512 et
1291 450 1422 549 ordina

140 548 317 632 religionis
341 545 559 631 conspicuum
591 566 676 628 opus
706 548 895 631 posteritati
925 550 1186 627 commendabit,
1213 553 1256 616 ab
1319 557 1387 618 189⁰·
1424 535 1430 549 ’

139 654 218 718 eius
234 651 302 716 filio
318 651 462 718 Claudio
474 649 666 715 marchione
678 651 721 715 de
734 649 905 730 Comillas,
917 651 1091 717 clarissimi
1107 656 1255 737 parentis

140 754 198 818 sui
227 753 377 838 vestigiis
407 753 601 818 inhaerente
638 753 866 837 singularique
897 754 1010 821 studio
1048 765 1082 821 et
1119 756 1254 840 pietatis

140 858 264 923 ardore
280 859 384 942 patris
405 858 455 922 sui
471 856 636 923 voluntati
664 856 927 941 obtemperante,
943 859 1107 924 eximium
1131 859 1195 924 hoc
1211 860 1255 924 ab

139 964 219 1048 ipso
243 973 338 1046 patre
364 983 426 1028 suo
452 963 685 1045 excogitatum
710 972 744 1028 et
770 963 964 1048 incoeptum
989 984 1075 1048 opus
1090 965 1182 1029 omni
1209 985 1254 1029 ex

140 1078 241 1150 parte
263 1066 349 1132 adeo
374 1065 559 1150 perlectum
585 1063 846 1150 absolutumque
872 1077 931 1146 est,
962 1068 1124 1152 divitique
1154 1089 1253 1134 censu

142 1173 321 1248 donatum,
342 1171 463 1235 utiam
486 1169 670 1252 spectabile
685 1169 885 1235 christianae
901 1173 982 1236 artis
998 1181 1253 1238 monumentum

140 1284 241 1340 extet
266 1276 309 1339 ad
335 1273 504 1357 religionis
528 1274 630 1338 decus
656 1283 689 1338 et
717 1273 906 1341 utilitatem.
933 1274 1011 1358 Quo
1036 1297 1114 1342 vcro
1137 1277 1254 1341 uberes

139 1379 315 1461 lectosque
330 1398 376 1442 ex
391 1378 455 1442 hoc
470 1377 649 1442 seminario
666 1377 791 1442 fructus
817 1378 850 1442 in
876 1399 995 1444 aevum
1011 1380 1189 1464 prodeant,
1212 1379 1255 1444 ab

139 1485 262 1548 eodem
279 1482 403 1548 dilecto
418 1480 487 1546 filio
513 1480 656 1548 Claudio
681 1481 814 1563 petitur,
837 1491 875 1546 ut
897 1482 1010 1548 studia
1026 1484 1059 1548 in
1076 1483 1140 1548 hoc
1156 1484 1254 1548 semi-

139 1589 237 1652 nario
253 1586 314 1651 rite
330 1585 484 1650 absoluta
499 1585 618 1649 iisdem
634 1585 846 1668 perfruantur
868 1586 995 1651 iuribus
1010 1607 1050 1652 ac
1073 1587 1254 1671 privilegiis

140 1712 186 1757 ac
211 1691 239 1755 si
263 1699 376 1755 essent
390 1689 435 1760 ¹in
464 1688 537 1754 aliis
560 1688 747 1753 seminariis
771 1689 965 1773 Hispanicis
989 1690 1136 1774 expleta,
1152 1700 1253 1773 utque
1296 1709 1430 1767 amnun-

141 1795 295 1861 eiusdem
311 1793 479 1858 seminarii
503 1792 663 1858 sacellum
688 1793 742 1858 die
760 1792 847 1860 festo
870 1794 977 1859 sancti
993 1793 1136 1861 Antonii
1155 1770 1251 1858 Pata·
1278 1771 1431 1872 lssfpffl'

140 1900 214 1964 vini
236 1897 450 1964 visitantibus
474 1895 659 1980 plenariam
685 1906 898 1980 peccatorum
923 1917 1061 1964 suorum
1077 1899 1251 1982 indulgen·
1270 1885 1388 1996 {wi

139 2001 436 2066 tiamconccdere
458 1999 608 2066 velimus.
637 2000 812 2065 Praeterea
837 2000 1044 2083 supplicatur
1068 2011 1106 2066 ut
1122 2001 1251 2084 praedi·

142 2113 237 2170 ctum
253 2105 346 2189 pium
375 2103 564 2168 institutum
593 2103 720 2168 Nostro
740 2124 779 2168 ac
804 2123 1031 2169 successorum
1049 2104 1250 2170 Nostrorum

139 2227 357 2274 romanorum
389 2206 589 2271 Pontificum
620 2207 807 2290 patrocinio
837 2215 1041 2290 protegatur,
1072 2216 1173 2291 atque
1207 2210 1249 2272 ad

136 2312 362 2397 patrocinium
393 2312 458 2376 hoc
488 2311 654 2375 efficacius
685 2312 911 2376 exercendum
936 2320 970 2377 et
1002 2311 1046 2375 ad
1072 2310 1250 2376 firmiorem

138 2416 251 2499 operis
275 2414 483 2480 saluberrimi
507 2415 685 2480 tuitionem
712 2414 931 2480 obtinendam
964 2414 1088 2480 nedum
1116 2417 1251 2481 aedium

134 2518 309 2584 seminarii
333 2518 392 2581 sed
415 2526 450 2581 et
465 2517 631 2582 bonorum
654 2516 804 2582 omnium
833 2517 934 2600 pleno
949 2517 1021 2582 iure
1046 2518 1156 2583 Nobis
1181 2519 1251 2583 No·

134 2623 281 2705 atrisque
296 2621 542 2685 successoribus
565 2619 712 2684 romanis
729 2619 947 2686 Pontificibus
970 2621 1157 2687 dominium
1178 2642 1251 2704 per·

134 2734 242 2809 petuo
264 2723 415 2789 traditur.
438 2721 567 2788 Petitur
583 2723 720 2806 insuper
733 2732 772 2788 ut
787 2724 891 2807 ipsius
906 2725 1076 2790 seminarii
1103 2725 1194 2809 leges
1217 2735 1251 2790 et

135 2829 259 2911 capita,
299 2823 460 2909 suffragio
497 2827 750 2892 venerabilium
797 2828 951 2893 Fratrum
993 2828 1250 2912 Archiepiscopi

136 2932 319 3016 Burgensis
345 2941 380 2997 et
407 2931 567 3015 Episcopi
599 2931 892 2996 Santanderiensis
923 2930 1059 2996 condita
1089 2953 1109 2996 a
1141 2932 1249 2996 Nobis
1297 2994 1426 3037 mm

135 3037 329 3121 probentur,
341 3045 451 3120 atque,
460 3036 509 3099 uti
525 3035 558 3100 in
575 3035 666 3100 hisce
682 3034 800 3099 litteris
810 3035 1033 3113 continentur,
1050 3035 1250 3102 auctoritate
1276 3049 1413 3096 seminarii.

134 3141 264 3206 Nostra
279 3139 477 3204 roborentur
492 3148 526 3202 et
542 3137 723 3217 firmentur,
739 3147 838 3222 prout
854 3147 1046 3221 sequuntur.
1059 3175 1102 3188 —
1118 3139 1143 3204 I.
1159 3139 1248 3203 Mar·
1341 3172 1362 3204 l.
1404 3218 1410 3228 ι

133 3245 213 3309 chio
228 3244 272 3309 de
288 3241 450 3310 Comillas
466 3241 741 3308 excellentissimi
767 3240 896 3306 domini
913 3241 1057 3306 Antonii
1079 3241 1194 3325 Lopez
1215 3250 1249 3307 et
1275 3217 1425 3335 ,sslm

136 3347 254 3430 Lopez
281 3345 481 3430 pientissimi
507 3346 654 3429 parentis
670 3346 758 3409 votis
782 3345 1015 3409 obsecundans
1032 3344 1249 3430 eiusdemque
1275 3337 1427 3441 ml*

134 3451 275 3516 nomine
290 3469 403 3533 agens,
429 3449 463 3514 in
488 3449 615 3533 oppido
635 3447 863 3518 ‹Comillasb
883 3469 922 3512 ac
945 3449 978 3512 in
1003 3449 1142 3515 aedibus
1165 3471 1185 3514 a
1213 3470 1249 3515 se
1366 3431 1373 3450 ’

134 3553 280 3634 propriis
307 3550 497 3634 sumptibus
521 3551 686 3617 extructis
716 3551 933 3616 seminarium
964 3551 1088 3632 condit,
1115 3553 1149 3617 in
1181 3574 1248 3637 quo

136 3654 285 3738 Hispani
301 3654 531 3720 adolescentes
546 3664 640 3719 etex
657 3653 816 3719 America
834 3654 988 3738 Hispana
1007 3655 1139 3721 oriundi
1156 3657 1247 3720 alan-

132 3770 190 3822 tur
204 3767 306 3841 atque
321 3756 551 3835 informentur,
566 3758 615 3822 uti
632 3757 665 3821 in
681 3767 854 3840 posterum
866 3759 984 3822 vineae
994 3759 1135 3824 Domini
1146 3779 1246 3824 exco-

131 3865 265 3943 lendae,
279 3865 348 3930 suis
363 3865 524 3948 cuiusque
540 3861 794 3930 moderantibus
806 3865 1085 3949 Episcopis,dent
1101 3884 1247 3948 operam.

132 3967 226 4053 Quia
249 3989 328 4034 vero
343 3969 470 4034 bonurn
486 3969 578 4051 quod
595 3968 789 4048 intenditur,
806 3988 872 4033 non
889 3969 998 4034 solum
1015 3978 1068 4033 est
1083 3969 1250 4051 peculiare

132 4073 235 4138 unius
262 4071 434 4150 dioecesis,
459 4073 518 4137 sed
547 4071 696 4136 maxime
722 4071 907 4136 universale
930 4072 1034 4138 totius
1052 4071 1250 4154 Hispaniae,

132 4177 215 4242 ideo
241 4195 287 4240 ex
313 4175 471 4242 omnibus
497 4184 531 4239 et
557 4175 698 4259 singulis
729 4174 892 4258 Hispanis
915 4173 1124 4240 dioecesibus
1148 4175 1248 4241 iidem

132 4300 280 4348 numero
295 4279 422 4346 alumni
436 4281 664 4355 admittentur,
676 4279 790 4346 Plures
806 4299 884 4343 vero
900 4299 945 4344 ex
961 4279 1120 4364 peculiari
1139 4279 1250 4364 aliqua
