3362 4944
221 293 272 344 DE
291 289 472 344 STATUTIS
491 289 695 342 SEMlNARll
714 291 903 344 COMILLAS
925 292 1146 346 PROBANDIS.
1208 295 1276 363 129
1324 343 1333 353 ,

165 469 239 534 sive
261 470 468 549 litterarium,
483 470 554 534 sive
568 467 760 550 religiosum
777 469 922 537 instituti
947 472 997 536 sui
1022 474 1193 556 proprium
1218 476 1276 541 de·
1311 469 1447 572 mgssm

163 577 303 654 stinare,
314 597 348 642 re
360 577 452 661 prius
467 595 543 642 cum
554 593 688 640 summo
699 573 861 642 Pontifice
870 578 1119 643 communicata
1134 587 1168 643 et
1183 579 1277 645 obla·
1347 579 1413 640 rann
1447 558 1453 570 ⁸

164 679 212 746 tis
228 693 370 764 patrono
385 680 537 766 pecuniis
561 698 648 762 quae
676 680 852 762 supersint.
873 681 1048 746 Praeterea
1064 683 1091 746 si
1108 681 1230 762 forsan,
1244 686 1277 750 vi

165 781 262 848 illata
288 784 415 861 maiori,
439 781 621 848 seminario
644 781 805 864 praefecti
829 784 1045 850 commissum
1069 785 1133 850 sibi
1156 805 1278 852 munus
1304 862 1306 871 Ι

164 889 262 955 obire
277 913 344 957 non
360 892 495 958 valeant
511 899 545 956 et
560 889 689 955 alumni
704 889 897 955 dimittendi
912 893 989 968 sint,
1005 891 1155 956 existens
1179 912 1278 976 pecu·

168 993 246 1058 uiae
276 1015 417 1071 summa,
446 991 627 1059 cumulatis
656 991 841 1057 redditibus
879 1002 987 1070 aucta,
1016 993 1147 1058 alendis
1176 995 1280 1077 gratis

167 1093 320 1177 pluribus
333 1097 478 1162 alumnis
490 1096 713 1178 impendetur,
722 1113 798 1160 cum
812 1097 845 1158 in
858 1104 1042 1178 posterum,
1054 1097 1282 1181 redintegrata

167 1197 205 1260 in
233 1199 403 1283 Hispania
429 1199 599 1266 Societate
626 1197 724 1273 lusti,
746 1197 859 1262 denuo
879 1199 1094 1264 seminarium
1122 1201 1281 1266 constitui

171 1302 234 1366 rite
249 1304 383 1386 poterit.
394 1340 439 1353 -
452 1317 479 1386 5.
496 1301 649 1369 Societas
664 1299 789 1383 pariter
804 1309 856 1366 tot
873 1302 1052 1384 magistros
1068 1303 1283 1385 suppeditare
1372 1339 1397 1386 5.

170 1404 358 1489 pollicetur,
373 1417 457 1492 quot
482 1407 526 1471 ad
553 1403 709 1470 alumnos
724 1402 950 1469 instituendos
966 1404 1175 1487 requirantur
1189 1426 1197 1484 ;
1212 1425 1284 1470 eas·
1309 1387 1375 1502 ffb,
1385 1385 1462 1445 ’Ψ

170 1529 236 1592 que
262 1512 373 1577 tradet
397 1509 603 1593 disciplinas,
625 1507 748 1592 quibus
774 1527 861 1591 opus
885 1517 946 1586 est,
966 1517 1004 1573 ut
1026 1509 1060 1572 in
1077 1509 1284 1575 Tridentinis

172 1614 359 1678 seminariis
368 1611 552 1680 academici
562 1611 651 1678 tituli
663 1610 808 1676 obtineri
820 1612 959 1694 possint.
972 1611 1103 1677 Eadem
1113 1612 1157 1677 de
1165 1631 1284 1678 caussa

169 1713 257 1780 alios
287 1718 478 1781 sacerdotes
516 1715 698 1781 iuventutis
729 1721 818 1778 recte
854 1714 1082 1781 instituendae
1115 1715 1285 1781 studiosos

173 1819 360 1885 adsciscere
376 1819 509 1904 poterit,
523 1817 711 1884 dummodo
726 1827 955 1901 opportunum
979 1819 1013 1884 id
1040 1820 1187 1898 duxerit,
1201 1840 1285 1903 quos

173 1923 307 1990 decenti
330 1922 499 2006 stipendio
524 1921 739 1988 seminarium
764 1922 928 2002 donabit;
952 1923 1026 2006 ipsa
1040 1943 1119 1988 vero
1142 1924 1286 1988 societas

173 2047 235 2110 pro
263 2026 432 2092 laboribus
458 2027 648 2092 mercedem
677 2025 804 2092 nullam
832 2025 959 2108 exiget,
979 2035 1110 2109 praeter
1125 2027 1286 2092 alimenta

171 2131 400 2215 honestasque
415 2141 524 2196 vestes
541 2131 581 2195 iis
597 2131 787 2207 tribuenda,
801 2129 859 2213 qui
884 2149 957 2194 sese
980 2129 1125 2194 alumnis
1149 2150 1286 2214 quoquo

173 2237 279 2302 modo
294 2235 511 2318 impendant:
526 2255 613 2318 quae
626 2235 741 2300 omnia
757 2245 791 2299 et
802 2243 956 2318 sumptus
968 2235 1012 2299 ad
1028 2234 1148 2299 itinera
1164 2237 1282 2302 eadem

171 2357 293 2404 caussa
317 2339 529 2422 suscipienda
552 2357 598 2402 ex
622 2339 791 2402 seminarii
814 2340 944 2404 aerario
967 2337 1214 2422 depromentur.
1238 2377 1281 2404 —-,

171 2441 202 2504 6.
220 2442 258 2508 Si
283 2462 440 2507 romanus
465 2439 624 2508 Pontifex
650 2439 819 2506 seminarii
843 2440 994 2506 dominio
1018 2450 1052 2506 et
1072 2441 1282 2524 possessione
1373 2461 1395 2507 ό.

171 2547 380 2623 deturbetur,
395 2546 465 2610 sive
480 2564 540 2628 per
551 2544 670 2628 legem,
682 2542 751 2607 sive
763 2563 823 2626 per
838 2543 1055 2609 tribunalium
1072 2544 1283 2620 sententiam,
1306 2521 1458 2638 vnum

174 2649 246 2713 sive
261 2666 472 2732 quacumque
497 2647 564 2712 alia
587 2648 726 2723 ratione,
751 2658 824 2712 tum
849 2648 982 2714 aedium
1004 2649 1190 2731 proprietas
1205 2665 1281 2712 curn
1306 2638 1456 2700 ΨΜ·

171 2751 289 2818 fundis
316 2762 351 2816 et
374 2751 510 2835 reliquis
533 2751 690 2816 subsidiis
715 2770 735 2815 a
759 2750 936 2816 fundatore
951 2752 1085 2817 donatis
1101 2761 1285 2816 revertatur

172 2855 221 2920 ad
237 2857 394 2920 eumdem
410 2855 633 2931 fundatorem,
648 2855 700 2918 vel
725 2855 768 2920 ad
792 2854 980 2937 legitimum
1004 2855 1153 2920 eiusdem
1170 2855 1283 2919 haere·

174 2959 265 3035 dem,
280 2958 338 3041 qui
353 2957 452 3023 titulo
475 2957 675 3022 marchionis
701 2959 744 3021 de
769 2956 930 3023 Comillas
953 2959 1147 3023 decoretur:
1162 2959 1189 3021 si
1206 2977 1284 3023 vero

175 3062 370 3130 huiusmodi
386 3062 502 3127 titulus
527 3062 706 3126 subsistere
732 3061 877 3138 desierit,
899 3072 1083 3127 revertatur
1098 3062 1283 3145 proprietas

174 3167 222 3230 ad
244 3165 339 3231 illum
364 3165 552 3243 haeredem,
576 3164 633 3248 qui
660 3164 868 3247 praedictum
889 3163 1035 3240 titulum,
1061 3167 1088 3227 si
1114 3165 1282 3242 existeret,

176 3266 248 3332 iure
263 3269 429 3352 gessisset,
445 3271 582 3352 quando
598 3267 724 3334 Sancta
740 3267 846 3332 Sedes
872 3265 930 3330 illa
952 3266 1155 3348 proprietate
1178 3287 1283 3349 expo·

175 3369 259 3436 liata
282 3372 353 3438 fuit.
379 3371 481 3456 Quod
509 3373 536 3436 si
560 3370 717 3448 evenerit,
745 3369 800 3434 ille
824 3369 882 3453 qui
906 3389 965 3452 per
986 3370 1072 3435 hanc
1088 3372 1283 3437 reversionis

175 3473 360 3542 clausulam
376 3477 420 3542 ad
437 3477 681 3560 possessionem
693 3474 868 3540 vocabitur
883 3482 917 3537 et
933 3474 1004 3538 eius
1019 3474 1179 3540 haeredes
1194 3475 1284 3541 bona

172 3577 222 3641 sic
239 3589 433 3662 recuperata
448 3580 492 3645 ad
520 3598 596 3650 eum
625 3597 720 3642 usum
744 3578 814 3641 sive
836 3576 1068 3659 temporalem,
1083 3577 1152 3642 sive
1167 3597 1283 3661 perpe·

173 3689 271 3746 tuum
287 3683 514 3760 destinabunt,
529 3701 630 3765 quem
657 3679 780 3745 summi
808 3678 979 3745 Pontificis
1006 3681 1180 3746 consilium
1197 3682 1283 3744 desi-

173 3782 303 3864 gnabit.
312 3821 355 3834 -
364 3799 393 3863 7.
405 3784 559 3849 Marchio
568 3785 611 3848 de
621 3781 781 3848 Comillas
794 3781 1012 3865 eiusdemque
1023 3782 1113 3846 tituli
1125 3782 1284 3845 haeredes

175 3895 211 3950 et
221 3884 355 3952 illorum
366 3887 499 3953 defectu
515 3886 680 3971 parochus
692 3884 809 3968 oppidi
826 3883 987 3950 Comillas
1004 3885 1074 3948 iure
1089 3884 1285 3966 gaudebunt
1361 3839 1460 3958 d'flm

174 3999 321 4072 quatuor
350 3991 486 4056 iuvenes
516 3987 763 4073 praesentandi,
793 3987 860 4070 qui,
890 3987 917 4050 si
953 3985 1120 4069 requisitis
1149 3986 1285 4050 dotibus
1309 3946 1461 4064 mgna-

175 4095 287 4158 omati
303 4095 519 4178 reperiantur,
535 4094 578 4158 ad
593 4092 775 4177 gratuitam
799 4092 833 4155 in
856 4090 1036 4154 seminario
1051 4090 1286 4154 educationem
1311 4064 1377 4178 2th
1397 4063 1462 4124 αφ’

176 4197 409 4265 admittentur.
425 4197 482 4264 Ex
509 4197 561 4262 his
577 4196 752 4262 iuvenibus
767 4194 835 4259 duo
852 4194 895 4259 ad
911 4193 1098 4260 fundatoris
1114 4197 1286 4278 cognatio·

173 4319 257 4366 nem
273 4301 496 4384 pertinebunt,
511 4303 581 4366 duo
603 4321 682 4366 vero
708 4299 743 4363 in
758 4298 877 4364 eodem
894 4299 1021 4381 oppido
1038 4297 1200 4364 Comillas
1215 4300 1285 4365 nati

237 4428 314 4475 Aera
331 4427 432 4476 Lsoxrs
449 4429 519 4475 xlii.
1104 4425 1189 4473 1v.-
1203 4441 1224 4486 ᾳ
