3362 4944
219 255 273 304 DE
288 252 455 304 blISSlON.
476 251 652 301 AFRICAN.
675 251 780 300 STIPE
802 249 983 302 COMMUNI
1002 253 1198 306 IUVANDIS.
1237 258 1301 326 115

190 435 290 492 stant
304 445 430 510 graves,
446 425 479 488 in
496 424 619 507 quibus
635 442 814 502 versamur,
830 444 939 489 rerum
965 426 1150 509 angustiae,
1166 435 1208 505 te,
1235 429 1302 494 Ve-
1336 447 1424 535 mg}

192 531 354 596 nerabilis
367 530 492 606 Frater,
504 527 654 612 aliosque
670 546 840 592 sacrorum
856 528 1039 594 Antistites
1060 539 1094 594 et
1118 531 1303 598 catholicos
1374 495 1478 604 nai&

191 654 316 700 omnes
339 641 480 715 paterna
504 650 586 696 voce
604 631 858 713 compellamus,
881 640 914 696 et
942 632 1086 698 Vestrae
1120 654 1304 720 eorumque
1346 669 1361 699 a
1364 655 1480 724 ,recreas

190 738 326 804 caritati
342 736 619 802 commendamus
632 754 717 817 opus
727 743 797 798 tam
808 745 961 800 sanctum
973 746 1007 800 et
1019 736 1302 805 salutare.Omnes
1328 715 1479 832 {ffffiffl

191 841 288 908 enim
317 839 497 923 participes
527 838 598 901 eius
621 847 779 920 optamus
811 837 890 915 fieri,
920 839 1046 922 exigua
1075 838 1153 905 licet
1179 841 1303 908 collata
1327 833 1369 878 ‘²oe-

194 943 295 1027 stipe,
311 953 347 1008 ut
370 941 586 1025 dispartitum
602 941 637 1004 in
662 941 773 1024 plures
801 961 886 1005 onus
902 941 1007 1006 levius
1022 943 1143 1027 cuique
1158 945 1301 1010 toleratu

190 1049 249 1125 sit,
270 1057 371 1130 atque
390 1056 428 1110 ut
450 1046 483 1109 in
510 1064 629 1109 ornnes
652 1042 843 1109 effundatur
864 1046 973 1126 gratia
1002 1045 1136 1125 Christi,
1152 1048 1194 1111 de
1210 1048 1303 1113 cuius

190 1151 290 1235 regni
314 1149 582 1234 propugnatione
608 1147 728 1230 agitur,
743 1166 850 1229 eaque
866 1148 995 1213 cunctis
1019 1169 1147 1231 pacem,
1171 1150 1302 1215 veniam

190 1263 418 1338 peccatorum,
434 1261 468 1316 et
484 1251 665 1316 lectissima
681 1269 834 1333 quaeque
851 1269 988 1316 munera
1005 1253 1183 1334 impertiat.

240 1357 420 1439 Propterea
435 1355 681 1432 constituimus,
692 1364 729 1418 ut
745 1353 935 1436 quotannis,
948 1375 1014 1438 qua
1041 1357 1096 1420 die
1118 1356 1151 1420 in
1168 1357 1304 1440 quibus·
1341 1367 1479 1438 caligatur

191 1480 262 1544 que
275 1459 354 1524 locis
366 1459 577 1543 Epiphaniae
593 1457 734 1522 Domini
750 1456 961 1522 celebrantur
978 1461 1147 1542 mysteria,
1162 1461 1195 1524 in
1227 1460 1303 1525 sub·
1329 1432 1481 1546 Ξῖοῗὲὖῖἇ.

191 1563 318 1629 sidium
336 1562 511 1626 memorati
535 1560 647 1644 operis
678 1561 820 1643 pecunia
836 1561 940 1644 stipis
963 1563 1069 1626 instar
1099 1572 1304 1646 corrugetur.
1330 1546 1481 1664 ζξᾞζζῖα

195 1669 299 1734 Hanc
315 1675 428 1731 autem
439 1665 624 1729 solemnem
640 1665 730 1728 diem
747 1684 827 1747 prae
842 1664 961 1729 ceteris
977 1667 1139 1748 elegimus
1155 1668 1245 1750 quia,
1255 1667 1304 1731 uti
1329 1663 1364 1708 “d
1416 1666 1480 1711 Μ

197 1770 307 1858 probe
316 1769 483 1852 intelligis,
494 1767 706 1834 Venerabilis
722 1767 848 1845 Frater,
859 1787 898 1832 ea
915 1769 970 1832 die
987 1769 1091 1834 Filius
1108 1769 1173 1834 Dei
1190 1772 1303 1853 primi·
1322 1725 1407 1782 Μ’

192 1889 253 1943 tus
267 1895 339 1939 sese
354 1874 510 1956 gentibus
527 1871 684 1936 revelavit
700 1871 781 1935 dum
800 1871 912 1954 Magis
943 1873 1126 1938 videndum
1157 1895 1193 1938 se
1209 1894 1303 1956 prae·

191 1981 279 2056 buit,
309 1980 366 2061 qui
390 1977 467 2040 ideo
494 1996 514 2040 a
535 1975 568 2042 S.
597 1974 712 2040 Leone
744 1973 872 2057 Magno
888 1974 1062 2040 decessore
1079 1977 1205 2042 Nostro
1221 1979 1303 2042 scite

196 2085 282 2150 dicti
297 2090 375 2145 sunt
391 2079 567 2144 vocatone
583 2088 711 2142 nestrae
717 2077 863 2162 fideique
870 2080 1051 2162 primitiae.
1069 2082 1189 2165 Itaque
1212 2084 1303 2147 bona

196 2208 261 2271 spe
277 2185 413 2267 nitimur
423 2184 502 2261 lore,
513 2191 550 2246 ut
561 2181 713 2248 Christus
730 2182 899 2246 Dominus
919 2196 1091 2267 permotus
1113 2187 1252 2251 caritate
1267 2197 1302 2251 et

192 2289 350 2377 precibus
366 2285 580 2369 filiorum,qui
596 2285 746 2354 veritatis
762 2284 870 2349 lucem
887 2287 1301 2369 acceperunt,revelatione

192 2389 381 2459 divinitatis
403 2410 484 2454 suae
506 2389 608 2454 etiam
633 2389 852 2452 miserrimam
877 2389 968 2453 illam
1007 2389 1145 2454 humani
1169 2394 1301 2475 generis

188 2506 323 2583 partem
339 2494 491 2571 illustret,
513 2511 656 2576 eamque
679 2512 699 2556 a
722 2492 968 2575 superstitionis
990 2514 1097 2558 coeno
1120 2505 1154 2560 et
1169 2517 1300 2562 aerum·

188 2622 276 2667 nosa
297 2600 498 2675 conditione,
520 2597 555 2661 in
579 2615 645 2680 qua
668 2597 798 2660 tamdiu
822 2595 953 2661 abiecta
976 2608 1009 2661 et
1036 2597 1190 2681 neglecta
1205 2600 1301 2680 iacet,

190 2705 323 2788 eripiat.

234 2809 347 2873 Placet
362 2816 476 2872 autern
493 2805 612 2882 Nobis,
628 2813 665 2868 ut
680 2804 832 2887 pecunia,
847 2805 1020 2886 praedicta
1035 2807 1091 2870 die
1106 2807 1248 2873 collecta
1264 2810 1297 2873 in
1372 2839 1474 2888 pm„

183 2912 336 2980 ecclesiis
367 2919 400 2974 et
427 2909 557 2974 sacellis
584 2907 743 2973 subiectis
772 2907 992 2973 iurisdictioni
1021 2918 1108 2988 tuae,
1151 2913 1296 2978 Romam
1325 2899 1450 2952 ”lumb

184 3017 342 3082 mittatur
357 3014 400 3080 ad
416 3033 546 3079 sacrum
564 3011 751 3078 Consilium
768 3011 951 3076 christiano
967 3015 1094 3077 nomini
1108 3035 1295 3099 propagan-
1322 2962 1475 3064 moriger

185 3125 243 3186 do.
259 3119 370 3186 Huius
385 3138 486 3202 porro
502 3136 623 3181 munus
646 3116 708 3181 erit
724 3115 892 3199 partiendi
909 3136 984 3180 eam
1000 3121 1177 3200 pecuniam
1209 3123 1296 3186 inter
1321 3075 1461 3193 malf-

183 3223 363 3290 missiones
378 3241 466 3306 quae
476 3219 522 3285 ad
543 3219 713 3284 delendam
720 3219 934 3303 potissimum
948 3221 1139 3286 seruitutem
1154 3223 1188 3286 in
1205 3225 1296 3290 Afri·
1321 3195 1358 3241 ‘¹⁰'

183 3348 248 3394 cae
263 3327 455 3411 regionibus
470 3334 591 3389 extant
607 3334 666 3389 aut
680 3325 917 3389 instituentur:
933 3325 1027 3389 cuius
1040 3327 1229 3408 partitionis
1239 3329 1293 3394 hic

185 3432 310 3500 modus
325 3428 1295 3512 erit,utpecuniaproiectaexnationibus,quaesuashabent

186 3534 373 3601 catholicas
388 3533 563 3596 missiones
578 3531 622 3596 ad
639 3530 858 3596 vindicandos
875 3532 908 3594 in
920 3531 1108 3598 libertatem
1120 3554 1241 3613 servos,
1257 3545 1294 3600 ut

185 3636 459 3713 memoravimus,
479 3634 551 3699 istis
583 3635 796 3700 missionibus
821 3637 1050 3700 sustentandis
1075 3637 1294 3722 iuvandisque

184 3741 374 3809 addicatur.
390 3739 569 3820 Reliquam
587 3757 666 3802 vero
690 3737 814 3820 stipem
839 3737 929 3801 idem
951 3758 1082 3803 sacrum
1100 3738 1295 3817 Consilium,

185 3844 244 3912 cui
258 3842 452 3908 earumdem
470 3833 666 3904 missionum
683 3839 899 3904 necessitates
912 3850 1103 3924 compertae
1121 3841 1295 3919 sunt,inter

186 3946 379 4032 egentiores
395 3942 551 4028 prudenti
564 3942 687 4008 iudicio
700 3943 871 4026 partietur.

236 4049 404 4134 Equidem
429 4066 496 4111 non
509 4045 722 4128 ambigimus,
737 4045 816 4130 quin
833 4054 913 4109 vota
939 4045 1064 4109 Nostra
1079 4064 1141 4127 pro
1157 4043 1294 4111 infelici-

188 4158 256 4222 bus
268 4153 361 4218 Airis
376 4160 549 4235 concepta,
560 4151 706 4233 benigne
729 4148 877 4232 excipiat
893 4148 986 4214 dives
1011 4149 1044 4214 in
1070 4150 1295 4217 misericordia

188 4261 300 4336 Deus,
315 4275 354 4320 ac
367 4252 628 4333 tu,Venerabilis
645 4253 771 4331 Frater,
787 4252 875 4317 ultro
889 4251 1071 4318 collaturus
1087 4254 1131 4317 sis
1147 4253 1295 4320 studium
