3362 4944
388 293 454 362 132
475 291 622 342 arenata
637 291 761 342 avosn.
779 277 798 306 “
813 289 1086 341 senernsnnmr
1105 285 1287 340 non1u1c1
1309 282 1446 338 oannis
1465 315 1493 345 ,‚

382 385 1491 412 Μ

381 462 451 525 dire
466 461 620 524 videatur
643 468 680 523 ut
705 457 744 522 iis
768 467 961 522 assuescant
988 457 1089 522 sacris
1113 455 1291 535 exercitiis,
1314 455 1435 538 quibus
1450 452 1490 520 in

382 575 550 648 posterum
581 562 757 629 vacabunt.
788 563 967 628 Missarum
1002 583 1081 628 vero
1111 561 1288 645 stipendia,
1324 578 1407 644 quas
1443 579 1492 622 eo

380 675 531 750 tempore
557 664 783 742 celebrabunt,
811 665 845 728 in
875 665 1045 730 seminarii
1075 663 1239 730 aerarium
1266 661 1490 740 conserentur,

260 804 301 842 10⁰
379 774 482 858 ipsius
493 771 682 856 sumptibus
694 771 982 854 impendenda-
995 786 1042 837 10.
1054 771 1237 856 Postquam
1254 768 1491 856 philosophiae

201 856 353 965 ,gl-ff
381 875 479 942 finem
496 875 633 940 iecerint
648 874 783 952 alumni,
803 875 830 938 si
855 894 970 939 eorum
993 885 1028 940 et
1050 875 1218 941 seminarii
1233 874 1371 940 utilitati
1386 871 1490 957 profi-

201 976 352 1078 :uranum
380 1000 477 1044 cuum
494 980 630 1044 duxerit
647 979 837 1043 moderator
852 977 964 1042 studia
979 977 1198 1044 intermittere
1210 997 1270 1064 per
1284 997 1409 1042 annum
1425 986 1489 1042 aut

259 1069 266 1087 ’
380 1083 532 1167 amplius,
556 1083 631 1166 cogi
658 1091 824 1164 poterunt,
847 1090 883 1145 ut
899 1081 1024 1145 ibidem
1050 1080 1221 1147 inferiores
1236 1083 1372 1148 tradant
1387 1081 1490 1145 disci-

379 1171 496 1272 plinas,
507 1196 608 1270 atque
620 1187 667 1250 ita
680 1186 722 1250 ad
736 1185 921 1268 superiores
933 1186 1165 1269 percipiendas
1176 1186 1322 1269 aptiores
1330 1185 1488 1250 evadant„

261 1304 296 1336 1¹·
378 1329 421 1340 —
441 1307 487 1356 11.
504 1291 631 1373 Siquis
655 1289 752 1354 huius
776 1291 887 1373 operis
913 1291 1117 1374 praestantia
1142 1290 1263 1357 ductus
1279 1293 1323 1356 ad
1339 1289 1489 1356 salutife-

200 1351 351 1469 simis
379 1413 451 1458 rum
468 1395 539 1458 eius
555 1393 655 1456 finem
678 1393 828 1457 conferre
849 1393 999 1472 voluerit,
1025 1395 1094 1459 voti
1121 1414 1262 1478 compos
1287 1393 1372 1458 effici
1388 1392 1490 1458 facile

200 1468 352 1581 ssss'iiffns*
378 1499 510 1584 poterit,
525 1499 623 1562 unius
638 1507 697 1562 aut
712 1497 856 1580 plurium
878 1497 1140 1563 adolescentium
1156 1507 1313 1582 sumptus
1328 1497 1488 1581 suppedi-

378 1603 492 1680 tando,
516 1601 586 1666 sive
609 1609 780 1684 perpetuo,
811 1600 880 1665 sive
904 1601 947 1665 ad
972 1611 1099 1666 certum
1131 1611 1286 1686 tempns;
1317 1610 1352 1666 at
1382 1599 1489 1666 soiius

378 1705 598 1770 moderatoris
628 1703 691 1768 erit
720 1705 763 1781 de
785 1704 921 1768 dotibus
952 1705 1099 1771 iudicare
1127 1726 1213 1789 quae
1240 1715 1277 1770 ut
1307 1705 1489 1771 seminario

377 1809 609 1874 adscribantur
623 1808 843 1891 requiruntur,
859 1818 930 1873 tum
948 1810 1048 1874 etiam
1066 1819 1103 1875 ut
1119 1811 1206 1875 ineo
1221 1830 1430 1895 perseverare
1445 1830 1489 1876 ae

379 1913 532 1996 progredi
557 1914 590 1977 in
614 1913 734 1978 studiis
758 1913 896 1996 possint.
922 1911 1036 1996 Quum
1063 1923 1177 1979 autem
1208 1933 1344 1978 necesse
1374 1914 1417 1978 sit
1447 1924 1490 1978 ut

378 2023 496 2082 horum
513 2017 632 2102 aliquis
647 2037 667 2080 e
683 2016 861 2081 seminario
873 2017 1033 2095 discedat,
1045 2018 1206 2101 pecuniae
1217 2019 1259 2082 ad
1272 2020 1343 2083 cius
1353 2018 1489 2082 institu-

379 2121 504 2184 tionem
519 2120 664 2185 donatae
677 2119 750 2183 aliis
763 2119 982 2184 informandis
995 2121 1226 2198 attribuentur,
1236 2141 1320 2205 quos
1332 2121 1487 2186 beneficii

262 2253 300 2310 η.Ι
378 2224 498 2306 dignos
524 2222 614 2286 idem
640 2223 830 2287 moderator
860 2223 1082 2288 iudicarit-
1109 2241 1156 2290 12.
1183 2225 1313 2291 Omnes
1339 2225 1487 2309 denique

201 2298 354 2404 0ξῶῗῖζο
378 2326 504 2390 alumni
520 2325 668 2389 divinam
682 2325 842 2407 pietatem
854 2345 995 2390 exorare
1006 2327 1173 2392 curabunt
1185 2329 1331 2411 primum
1346 2329 1485 2412 quidem

201 2418 335 2522 {mlii
378 2448 439 2511 pro
463 2448 595 2492 summo
621 2426 842 2505 benefactore,
868 2428 994 2494 sellicet
1020 2450 1081 2512 pro
1112 2432 1154 2497 D.
1178 2431 1332 2496 Antonio
1361 2432 1487 2514 Lopez,

377 2533 513 2614 eiusque
529 2530 639 2594 liberis
653 2552 661 2609 ;
676 2531 798 2595 deinde
825 2552 903 2596 vero
918 2554 980 2616 pro
995 2535 1114 2599 ceteris
1129 2554 1272 2618 quorum
1288 2556 1353 2620 ope
1367 2556 1485 2602 eorum

378 2631 577 2698 institutioni
615 2633 817 2699 subvenitur.
850 2634 970 2718 Itaque
1000 2645 1131 2718 praeter
1162 2657 1220 2703 eas
1257 2657 1372 2722 preces
1400 2659 1489 2722 quas

378 2756 506 2800 mernor
528 2747 686 2820 suggerat
712 2737 853 2814 animus,
877 2739 1008 2821 singuli,
1032 2741 1089 2824 qui
1116 2743 1306 2808 sacerdotes
1333 2745 1485 2810 nondum

377 2838 507 2918 suerint,
533 2838 637 2905 semel
658 2842 690 2903 in
717 2839 930 2906 hebdomada
954 2862 1057 2908 unam
1083 2844 1121 2911 B.
1138 2844 1179 2910 V.
1196 2867 1366 2926 coronam,
1380 2849 1486 2912 semel

376 2952 488 3006 autem
511 2941 544 3005 in
562 2962 676 3006 mense
691 2963 819 3007 sacram
837 2947 1107 3010 communionem
1131 2949 1220 3012 hunc
1236 2949 1269 3013 in
1286 2949 1387 3014 finem
1403 2948 1486 3015 offe-

377 3055 457 3110 rent.
484 3045 705 3112 Sacerdotum
732 3055 845 3109 autem
874 3067 968 3125 unus,
995 3061 1094 3131 prout
1111 3052 1302 3116 moderator
1317 3071 1488 3136 quemque

376 3149 609 3233 designaverit,
633 3170 762 3214 sacrum
792 3151 895 3214 semel
920 3153 952 3215 in
970 3152 1184 3219 hebdomada
1199 3155 1307 3222 faciet.
1324 3194 1368 3207 -
1390 3155 1491 3240 Quae

202 3237 353 3342 ήζθζξζιξῖ
378 3272 481 3335 quum
498 3255 544 3318 ita
560 3255 627 3318 sint
638 3273 756 3318 omnes
768 3263 802 3316 et
818 3255 967 3337 singulos
978 3257 1099 3340 quibus
1114 3257 1179 3322 hae
1194 3258 1326 3324 litterae
1343 3261 1491 3325 Nostrae

201 3355 242 3400 ⁶2⁴⁸
277 3361 352 3402 Μω-
378 3353 490 3418 favent
506 3376 526 3419 a
542 3356 713 3438 quibusvis
729 3359 1088 3424 excommunicationis
1105 3371 1137 3426 et
1155 3363 1333 3442 interdicti,
1348 3364 1491 3446 aliisque

201 3421 350 3520 milit?
377 3456 609 3523 ecclesiasticis
636 3460 791 3536 censuris,
817 3462 991 3526 sententiis
1017 3472 1050 3528 et
1081 3465 1199 3546 poenis
1230 3467 1348 3549 quovis
1375 3469 1490 3547 modo,

200 3539 298 3579 ‘'m‘'
378 3561 429 3624 vel
457 3561 575 3646 quavis
590 3563 632 3626 de
647 3583 764 3627 caussa
792 3564 876 3643 latis,
903 3567 930 3630 si
958 3587 1042 3652 quas
1058 3568 1143 3634 sorte
1160 3569 1365 3649 incurrerint,
1387 3571 1488 3637 huius

377 3673 510 3728 tantum
526 3664 572 3729 rei
588 3665 696 3748 gratia
723 3664 934 3734 absolventes
961 3680 995 3736 et
1021 3672 1194 3738 absolutos
1209 3673 1280 3739 sore
1302 3683 1488 3752 censentes,

376 3775 409 3832 et
439 3767 549 3832 eidem
581 3765 705 3832 dilecto
732 3766 800 3832 filio
828 3769 970 3836 Claudio
997 3774 1252 3842 benevolentiae
1282 3777 1428 3844 Nostrae
1451 3790 1490 3844 et

374 3871 545 3960 quaesitae
571 3889 708 3935 suorum
734 3874 960 3953 praestantiae
988 3877 1182 3943 meritorum
1209 3880 1318 3945 laudis
1334 3882 1487 3946 testimo·

376 3974 467 4040 nium
494 3975 656 4040 exhibere
680 3976 830 4040 volentes
853 3978 924 4043 eius
940 3981 1026 4045 votis
1052 3993 1087 4048 et
1110 3984 1408 4068 supplicationibus
1424 4006 1485 4051 an·

375 4079 545 4143 nuendum
558 4079 756 4145 censuimus.
769 4079 889 4165 ltaque
899 4085 1067 4149 seminarii
1077 4107 1098 4151 a
1109 4085 1143 4152 S.
1154 4087 1306 4155 Antonio
1319 4089 1483 4154 Patauino

378 4182 559 4264 nuncupati
575 4181 609 4245 in
626 4183 787 4247 dioecesis
804 4182 1096 4252 Santanderiensis
1111 4190 1238 4275 oppido
1257 4191 1480 4262 ‹Comillas›

364 4285 474 4349 erecti
489 4295 624 4364 statuta,
636 4307 693 4352 seu
706 4288 808 4370 leges,
821 4289 936 4353 decem
953 4293 1194 4376 comprehensa
1209 4296 1383 4379 capitibus,
1395 4313 1485 4378 quae
