3352 4926
197 372 793 389 000000000000000000000000000000000000000000000000
799 360 1234 389 :Te-:uu⁸”cotenonstatuunt-on

194 410 201 425 0

193 436 201 449 Ι

193 460 200 473 0

194 486 200 499 Ι

193 536 199 551 Ι

193 561 200 574 0

237 639 286 699 ad
308 639 541 701 Gullelmum
562 638 709 714 Alliam,
736 638 949 710 praesidem
970 639 1185 712 generalem

164 1450 175 1469 ·’
323 1448 334 1523 ξ’
351 1434 594 1502 INGULARI
649 1457 726 1502 cum
780 1436 1016 1502 benevolentia
1068 1441 1265 1523 excepimus
1299 1416 1434 1514 seriam.

371 1541 604 1623 prosperitatis
619 1541 743 1618 omina,
768 1560 947 1624 quaecum
964 1541 1265 1625 significationibus
1336 1520 1402 1579 ‘⁸⁹¹'

323 1638 332 1707 ὲ.
371 1643 449 1707 fidei
475 1653 508 1708 et
538 1642 689 1727 obsequii
720 1645 754 1708 in
786 1644 873 1708 hanc
895 1643 1132 1728 Apostolicam
1150 1647 1263 1712 sedem
1292 1629 1447 1734 dmgfffss‘}

210 1774 215 1786 ¹
254 1766 266 1799 τ
283 1767 302 1785 ”
333 1777 340 1787 ·
371 1747 480 1811 Nobis
508 1748 669 1825 obtulisti,
695 1749 832 1812 nomine
867 1749 1046 1831 superioris
1078 1751 1209 1814 consilii
1232 1763 1265 1815 et
1292 1747 1412 1800 “mittit

1293 1807 1409 1867 Pontifex

159 1853 332 1917 universae
344 1851 515 1917 societatis
533 1853 640 1918 Italae
670 1852 853 1918 iuventutis
868 1851 1055 1918 catholicae
1071 1855 1124 1918 cui
1140 1874 1267 1938 praees,
1293 1871 1397 1912 testatur
1419 1881 1445 1910 a·

158 1964 339 2038 appetente
352 1956 407 2020 die
422 1977 516 2020 sacra
532 1957 616 2021 Viro
629 1955 755 2022 Sancto
772 1959 861 2020 unde
877 1956 986 2021 Nobis
1002 1957 1130 2023 dictum
1143 1967 1195 2022 est
1208 1980 1266 2023 no·
1294 1941 1383 2030 {⁸2⁷⁶ss
1407 1940 1447 2029 ΞΖ.

159 2077 246 2122 men.
256 2058 484 2124 Vehementer
500 2062 589 2124 enim
613 2059 820 2125 iuventutem
848 2059 1029 2143 diligimus,
1059 2081 1162 2144 quam
1189 2083 1265 2127 cum
1287 2044 1407 2163 ἷξζζξζῖ
1465 2141 1470 2153 Ι

157 2163 317 2228 accedere
332 2163 375 2227 ad
392 2163 465 2228 Nos
481 2165 663 2242 videamus,
680 2163 793 2228 multis
821 2164 898 2228 licet
924 2165 1110 2229 obnoxiam
1137 2166 1267 2229 insidiis
1294 2163 1446 2280 ζῖξὼέξῗι·

157 2273 194 2328 et
209 2266 363 2348 periculis
378 2276 568 2350 temporum
582 2267 758 2350 iniquitate
775 2267 1057 2350 impendentibus,
1067 2278 1104 2332 ut
1117 2288 1178 2331 sua
1189 2287 1267 2349 erga
1293 2275 1447 2350 ey‘ysnomine

156 2371 192 2436 N
194 2390 231 2433 os
247 2371 359 2436 studia
374 2381 524 2450 testetur,
539 2370 648 2436 l'acere
663 2392 730 2436 non
743 2392 921 2454 possumus
940 2374 1020 2456 quin
1048 2392 1123 2437 eam
1146 2371 1267 2437 sollici·
1294 2342 1409 2387 duam

158 2473 277 2539 tudine
301 2485 336 2539 et
358 2477 497 2542 caritate
526 2487 667 2560 paterna
697 2476 969 2560 complectamur.
1007 2477 1121 2560 Opera
1152 2488 1266 2541 autem

158 2587 296 2662 peracta
306 2579 378 2644 zelo
390 2590 423 2645 et
439 2579 660 2646 beneficentia
671 2589 783 2646 vestra
795 2581 961 2664 exemplis
973 2581 1086 2646 iuncta
1096 2580 1268 2664 religionis

157 2691 194 2746 et
208 2681 344 2765 pietatis
359 2703 378 2747 a
394 2685 489 2749 vobis
516 2685 615 2750 editis
635 2704 737 2768 quum
756 2684 879 2749 laetam
903 2684 1012 2750 Nobis
1029 2705 1124 2768 spem
1141 2685 1267 2749 faciunt

155 2785 653 2870 suturaepraestantiaevestrae
664 2789 698 2853 in
713 2791 819 2855 arduo
831 2790 963 2854 virtutis
979 2790 1155 2868 cultu,tum
1165 2790 1266 2854 etiam

155 2887 307 2956 efficiunt
319 2903 355 2956 ut
371 2894 499 2976 optime
514 2894 558 2958 de
586 2894 737 2958 Ecclesia
754 2894 908 2958 meritam
925 2893 1112 2958 iudicemus
1127 2894 1267 2958 societa-

153 3007 226 3060 tem
242 3006 399 3076 vestram,
423 3019 462 3062 ac
478 2998 596 3063 sedulo
607 3017 761 3063 curemus
778 3009 814 3062 ut
830 3019 947 3082 sospes
971 3000 1014 3063 sit
1030 3007 1064 3062 et
1080 2997 1267 3074 incolumis,

156 3099 321 3184 novisque
337 3101 371 3166 in
383 3102 455 3166 dies
469 3101 585 3167 floreat
601 3101 826 3168 incrementis.

201 3203 312 3287 Quam
328 3206 459 3270 obrem
475 3226 579 3291 quum
608 3207 799 3271 noverimus
816 3226 922 3290 nuper
937 3225 1039 3288 aegro
1068 3203 1265 3286 dolentique
1344 3219 1443 3264 eoncor-

157 3311 282 3390 animo,
312 3310 495 3376 discordias
522 3311 586 3375 scri
607 3311 733 3375 inimici
748 3311 896 3375 hominis
912 3319 987 3375 astu
1004 3309 1038 3372 in
1054 3327 1170 3373 eorum
1194 3309 1265 3372 acie
1288 3277 1444 3394 giwii}

153 3413 215 3498 qui
231 3434 300 3479 rem
317 3414 516 3480 catholicam
533 3415 567 3479 in
585 3414 685 3480 Italia
700 3423 925 3500 propugnant,
950 3434 994 3478 ex
1011 3434 1079 3497 quo
1094 3414 1265 3479 communi
1290 3411 1443 3502 ζῖξαηζᾞζ

153 3537 295 3584 caussae
305 3519 408 3585 tristis
421 3519 559 3585 insertur
575 3521 711 3599 iactura,
721 3520 819 3585 valde
831 3520 938 3602 gavisi
953 3538 1069 3582 sumus
1085 3539 1125 3582 ea
1140 3517 1265 3583 littera·
1291 3516 1440 3567 assuunt,

153 3641 231 3687 rum
243 3633 415 3706 parteque
430 3624 680 3707 pollicebamini
696 3626 892 3690 societatem
909 3633 1054 3687 vestram
1079 3642 1146 3687 non
1164 3624 1267 3686 modo

151 3737 350 3794 constanter
365 3727 510 3793 suturam
534 3730 727 3796 audientem
743 3730 836 3794 dicto
852 3738 924 3794 tum
946 3726 1054 3794 Nobis
1070 3737 1143 3791 tum
1153 3727 1265 3809 singu-

153 3831 263 3898 larum
277 3832 481 3920 dioecesium
498 3832 778 3911 Praesuiibus,sed
797 3832 899 3897 etiam
916 3833 1037 3896 animis
1052 3829 1266 3913 consiliisque

151 3937 495 4002 consonantissimam
520 3936 590 4001 iore
616 3956 693 4001 cum
714 3933 1116 4011 aliisvirorumcoetibus,
1131 3934 1188 4016 qui
1204 3954 1266 4017 pro

150 4040 274 4104 eadem
290 4059 410 4105 caussa
422 4039 593 4104 Ecclesiae
609 4041 642 4105 in
659 4041 722 4105 hac
738 4039 873 4123 regione
889 4039 1070 4103 decertant

203 4143 358 4210 Iamvero
367 4143 506 4210 huiusce
515 4165 653 4210 caussae
664 4144 811 4227 dignitas
823 4154 858 4209 et
869 4143 1067 4226 amplitudo,
1077 4140 1132 4214 cui
1142 4162 1202 4224 par
1214 4152 1265 4207 est
1311 4187 1443 4235 ,mmm

152 4246 341 4315 inserviant
356 4249 513 4313 catholici
526 4248 680 4326 universi,
691 4249 830 4314 omnino
841 4245 981 4330 flagitat,
991 4255 1026 4311 et
1041 4245 1166 4312 Nostra
1181 4246 1265 4312 haec
1290 4241 1386 4281 “W
1405 4237 1443 4280 ²³¹·

153 4359 210 4415 est
225 4349 390 4431 voluntas,
405 4362 443 4417 ut
458 4352 599 4420 sublatis
615 4351 888 4418 contentionibus
902 4369 990 4436 quae
1014 4349 1181 4416 sodalium
1197 4361 1266 4418 stu·
1290 4296 1377 4342 mm

215 4467 292 4516 Aera
303 4467 406 4518 Laome
421 4470 493 4520 xlll.
1080 4467 1121 4517 Ν·
1135 4483 1204 4529 -¹7·
