3354 4938
400 244 471 316 208
546 261 734 312 inrasae
753 260 909 312 sueves..
933 248 954 278 ‘⁶
970 261 1102 312 annun
1123 261 1310 313 uovsauiu
1325 298 1346 326 ‚,

396 459 462 523 que
471 437 619 502 caritatis
631 435 663 499 in
675 435 870 518 exemplum
880 435 1071 500 retinentes.
1080 435 1139 502 Ad
1151 437 1316 502 eiusmodi
1327 439 1416 503 vitae
1427 459 1507 502 mo-

395 561 536 627 rumque
565 539 803 624 spectaculum,
826 540 962 604 evanuit
982 541 1092 605 omnis
1122 542 1348 623 praeiudicata
1377 543 1509 626 opinio,

394 647 595 714 obtrectatio
609 644 779 708 obmutuit
796 642 1046 722 malevolorum,
1055 655 1157 729 atque
1169 645 1373 712 inveteratae
1387 667 1508 730 super·

394 749 540 818 stitionis
555 756 749 813 commenta
763 748 894 812 veritati
912 747 1111 813 christianae
1127 749 1289 832 paulatim
1306 771 1443 817 cessere.
1458 739 1519 800 -’

394 856 449 920 De
463 862 553 919 statu
563 851 721 936 opificum
734 861 881 916 certatur
890 852 923 915 iii
937 871 1110 935 praesens:
1122 873 1209 936 quae
1220 854 1360 918 certatio
1370 854 1506 920 ratione

393 959 568 1024 dirimatur
580 977 622 1020 an
635 975 741 1034 secus,
757 954 937 1040 plurimum
954 956 1093 1022 interest
1108 957 1309 1039 reipublicae
1324 957 1357 1022 in
1374 967 1507 1023 utram-

394 1083 460 1146 que
475 1069 613 1145 partem.
631 1060 777 1125 Ratione
802 1071 914 1124 autem
942 1059 1039 1126 sacile
1062 1062 1236 1126 dirimetur
1259 1062 1302 1126 ab
1318 1061 1507 1127 artificibus

394 1165 592 1242 christianis,
610 1164 638 1227 si
654 1164 814 1227 societate
828 1163 997 1228 coniuncti
1013 1185 1052 1228 ac
1068 1163 1288 1248 prudentibus
1309 1165 1508 1231 auctoribus

397 1269 456 1346 usi,
465 1269 554 1332 viam
572 1267 705 1331 inierint
721 1268 885 1344 eamdem,
896 1286 997 1351 quam
1015 1278 1125 1350 patres
1134 1289 1173 1333 ac
1184 1269 1324 1334 maiores
1340 1269 1508 1352 singulari

221 1395 256 1439 tia
293 1393 372 1464 aare.
396 1393 472 1438 cuin
489 1371 597 1436 salute
613 1381 647 1435 et
663 1391 723 1435 sua
739 1381 772 1436 et
787 1372 922 1455 publica
937 1381 1125 1438 tenuerunt.
1138 1373 1272 1438 Etenim
1284 1373 1509 1456 quantumvis

220 1455 372 1564 ῗῖἔξξῖῗῖ
398 1496 521 1559 magna
537 1475 570 1540 in
587 1475 724 1538 homine
742 1475 792 1542 vis
807 1475 1004 1558 opinionum
1020 1477 1322 1559 praeiudicatarum
1338 1477 1509 1560 cupidita·

220 1573 329 1618 “mila“
398 1590 537 1663 tumque
567 1577 619 1654 sit,
649 1585 773 1656 tamen,
802 1577 866 1641 nisi
897 1599 1031 1643 sensum
1066 1578 1198 1642 honesti
1213 1599 1324 1663 prava
1346 1580 1510 1644 voluntas

221 1631 351 1690 confimari,

219 1689 373 1762 neumnens-
397 1680 666 1766 obstupefecerit,
681 1681 793 1746 lutura
808 1691 859 1746 est
874 1682 1107 1747 benevolentia
1122 1683 1244 1748 civium
1257 1683 1290 1746 in
1307 1703 1365 1747 eos
1380 1693 1509 1766 sponte

220 1764 372 1856 {affirm
397 1785 603 1870 propensior,
618 1805 702 1867 quos
725 1785 907 1849 industrios
921 1806 961 1850 ac
982 1787 1152 1852 modestos
1175 1789 1401 1869 cognoverint,
1417 1807 1509 1869 quos

221 1870 325 1923 '‘am‘'
398 1889 600 1972 aequitatem
629 1885 730 1965 lucro,
756 1887 951 1970 religionem
979 1887 1079 1953 officii
1095 1890 1193 1953 rebus
1208 1890 1364 1954 omnibus
1378 1890 1508 1954 consti·

398 1992 475 2056 terit
491 2001 703 2075 anteponere.
719 1991 776 2055 Ex
792 2011 861 2075 quo
878 1991 959 2058 illud
976 1995 1076 2058 etiam
1093 2005 1315 2077 consequetur
1323 1993 1512 2073 commodi,

397 2099 487 2183 quod
504 2118 581 2181 spes
596 2107 630 2161 et
646 2097 787 2162 facultas
803 2099 958 2162 sanitatis
982 2118 1049 2164 non
1072 2101 1211 2164 minima
1232 2100 1509 2183 suppeditabitur

397 2199 573 2284 opificibus
599 2201 648 2279 iis,
668 2201 726 2283 qui
753 2202 805 2264 vel
821 2202 961 2266 omnino
983 2189 1142 2286 despecta
1166 2202 1230 2267 fide
1246 2202 1434 2281 christiana,
1450 2203 1507 2268 vel

220 2330 313 2388 aliique
322 2329 370 2400 μμ.
398 2305 515 2368 alienis
530 2326 551 2368 a
566 2304 772 2388 professione
789 2305 937 2369 moribus
952 2309 1075 2370 vivant.
1088 2307 1148 2372 Isti
1161 2307 1296 2390 quidem
1309 2328 1345 2370 se
1357 2308 1509 2389 plerum-

213 2389 280 2448 Μ’
300 2393 370 2434 ”¹¹⁰¹
396 2429 461 2491 que
473 2407 666 2491 intelligunt
681 2406 764 2472 salsa
780 2429 840 2491 spe
853 2408 1076 2492 simulataque
1087 2430 1196 2474 rerum
1209 2411 1320 2491 specie
1331 2411 1509 2490 deceptos

221 2462 285 2500 runi,
310 2454 371 2508 pra-

219 2521 371 2626 {mmm
398 2510 554 2576 Sentiunt
571 2511 659 2574 enim
676 2529 749 2574 sese
765 2512 856 2592 apud
873 2513 1014 2595 cupidos
1029 2514 1184 2576 dominos
1205 2514 1303 2577 valde
1317 2513 1507 2577 inhumane

219 2625 330 2672 veiculis
342 2641 371 2672 a·
395 2615 540 2690 tractari,
550 2633 612 2676 nec
622 2611 690 2676 fieri
703 2611 770 2676 sere
781 2614 884 2696 pluris
895 2635 997 2698 quam
1013 2625 1176 2698 quantum
1187 2616 1318 2699 pariant
1330 2617 1509 2698 operando

216 2697 371 2797 {s‘ffiffissss
395 2717 477 2781 lucri
491 2742 498 2782 :
512 2718 633 2800 quibus
658 2725 770 2781 autern
796 2718 1031 2784 sodalitatibus
1054 2721 1214 2802 implicati
1232 2729 1319 2796 sunt,
1334 2720 1366 2782 in
1384 2719 1423 2782 iis
1440 2740 1508 2802 pro

220 2805 371 2910 ξ’,ξξηζῗξζζ
395 2824 533 2889 caritate
549 2832 649 2905 atque
662 2841 775 2886 amore
791 2823 967 2889 intestinas
983 2826 1165 2889 discordias
1182 2825 1335 2901 existere,
1348 2823 1506 2905 petulan-

220 2923 320 2970 dtb'm‘·
396 2930 440 2996 tis
455 2938 556 3011 atque
572 2925 761 2990 incredulae
777 2931 982 3010 paupertatis
1004 2940 1181 3010 perpetuas
1202 2929 1352 2993 comites.
1379 2927 1505 2990 Fracto

396 3034 519 3109 animo,
533 3039 718 3094 extenuato
741 3051 889 3114 corpore,
911 3053 1012 3116 quarn
1036 3034 1134 3095 valde
1157 3053 1192 3096 se
1216 3033 1312 3096 multi
1336 3031 1459 3096 vellent
1482 3051 1508 3095 e

396 3137 555 3202 servitute
570 3143 640 3199 tam
653 3133 771 3198 humili
787 3137 976 3200 vindicare:
994 3157 1053 3200 nec
1067 3144 1179 3200 tamen
1197 3137 1331 3212 audent,
1340 3157 1398 3200 seu
1408 3136 1504 3218 quod

397 3241 570 3304 hominum
588 3239 704 3320 pudor,
725 3259 782 3303 seu
802 3251 910 3304 metus
926 3242 1059 3322 inopiae
1079 3240 1265 3324 prohibeat.
1283 3241 1434 3304 lamvero
1450 3239 1509 3304 his

397 3343 553 3407 omnibus
583 3343 703 3406 mirum
735 3352 899 3426 quantum
934 3346 1090 3426 prodesse
1120 3345 1163 3408 ad
1195 3346 1337 3408 salutem
1361 3343 1508 3425 collegia

398 3444 638 3510 catholicorum
654 3456 805 3528 possunt,
820 3448 847 3510 si
868 3447 1073 3512 haesitantes
1088 3449 1130 3512 ad
1150 3449 1258 3512 sinum
1276 3467 1384 3525 suum,
1399 3467 1509 3528 expe-

241 3607 359 3644 aaroni.
399 3548 529 3614 diendis
544 3546 806 3626 difficultatibus,
830 3549 1010 3628 invitarint,
1034 3553 1061 3614 si
1089 3550 1319 3634 resipiscentes
1344 3551 1376 3614 in
1401 3549 1506 3615 fidem

224 3667 373 3762 &Qum
398 3651 606 3735 tutelamque
621 3671 716 3716 suam
734 3655 930 3736 acceperint.

222 3776 274 3846 saie
306 3789 373 3821 mora
443 3755 597 3834 Habetis,
611 3755 830 3820 Venerabiles
847 3757 989 3834 Fratres,
1004 3777 1088 3840 quos
1106 3767 1140 3821 et
1163 3777 1230 3839 qua
1246 3759 1375 3822 ratione
1390 3758 1507 3822 elabo-

222 3839 374 3952 {ffssj‘lij
398 3879 470 3924 rare
492 3860 526 3922 in
553 3878 672 3922 caussa
694 3857 879 3942 perdifficili
902 3880 1036 3924 necesse
1052 3860 1102 3925 sit.
1118 3897 1161 3908 -
1177 3860 1433 3944 Accingendum
1456 3859 1506 3924 ad

221 3959 374 4071 gfff]
397 3986 475 4031 suas
497 3966 616 4047 cuique
643 3974 764 4047 partes,
786 3976 820 4029 et
842 3969 1035 4030 maturrime
1062 3967 1207 4049 quidem,
1230 3986 1273 4032 ne
1295 3976 1410 4031 tantae
1433 3965 1505 4028 iam

221 4085 367 4176 mgna&
399 4069 495 4136 molis
511 4069 762 4132 incommodum
779 4067 838 4133 fiat
854 4071 1069 4134 insanabilius
1081 4071 1295 4134 cunctatione
1308 4068 1505 4132 medicinae.

222 4189 373 4250 rumimpn:
397 4171 595 4236 Adhibeant
606 4170 716 4252 legum
728 4173 1024 4256 institutorumque
1041 4173 1295 4256 providentiam,
1308 4171 1364 4254 qui
1379 4179 1507 4254 gerunt

222 4249 373 4295 iirisinrtau·
534 4277 541 4292 .
821 4279 827 4290 .
892 4279 899 4292 .
1041 4279 1048 4292 .
1432 4275 1440 4290 .
1470 4273 1478 4288 .

222 4313 310 4356 rantes.
397 4276 622 4360 respublicas:
639 4296 699 4339 sua
728 4289 940 4342 meminerint
963 4277 1071 4342 officia
1096 4277 1277 4360 locupletes
1299 4284 1333 4339 et
1348 4276 1505 4340 domiui:
