3352 4926
443 1406 462 1423 .„
559 1378 772 1479 ἑμῙ>ΤΙῙΜΑΕ
799 1380 935 1463 quidem
962 1379 1043 1462 spei,
1058 1399 1159 1462 quarn
1177 1384 1302 1448 recenti
1319 1383 1428 1471 Congi
1445 1393 1496 1458 in-

319 1546 324 1557 ·
559 1489 569 1573 ,J
607 1483 828 1565 dependentis
844 1490 935 1547 statu
950 1482 1014 1546 sub
1028 1482 1191 1548 carissimi
1207 1483 1241 1546 in
1263 1484 1397 1554 Christo
1418 1493 1497 1560 Filii

252 1619 368 1679 Pomm
395 1584 414 1654 ,μ
609 1586 723 1650 Nostri
741 1586 905 1668 Leopoldi
922 1587 957 1650 II
976 1586 1155 1669 Belgarum
1175 1588 1280 1671 Regis
1296 1597 1498 1665 auctoritate

216 1679 368 1784 l⁰l⁰mnll
398 1710 412 1741 a
483 1710 499 1729 v
520 1709 538 1728 ⁶
607 1690 800 1768 constituto,
821 1691 893 1754 iure
923 1691 1108 1773 meritoque
1131 1711 1401 1774 conceperamus,
1425 1700 1500 1768 sore

215 1797 288 1843 svn
240 1812 271 1843 να
273 1799 350 1858 εείῑί
363 1797 551 1866 nimirum
569 1803 607 1860 ut
621 1794 818 1859 vastissimis
833 1793 898 1857 illis
913 1793 1050 1857 Africae
1065 1792 1226 1858 tractibus
1242 1799 1361 1861 erroris
1384 1801 1498 1870 adhuc

216 1859 366 1986 llaepecnlw
390 1899 535 1982 caligine
562 1897 770 1962 circumfusis
786 1896 999 1978 evangelicae
1014 1897 1163 1962 veritatis
1178 1897 1292 1963 lumen
1310 1899 1499 1986 affulgeret,

215 1975 366 2080 pansa
390 2003 503 2066 exitus
536 2001 602 2064 iarn
634 1999 846 2082 respondisse
875 2000 956 2064 satis
980 2019 1156 2082 prosperos
1187 2019 1255 2064 non
1284 2005 1499 2072 mediocriter

390 2106 606 2171 delectamur.
631 2104 815 2185 Postquam
842 2103 932 2166 euim
961 2104 994 2166 in
1021 2104 1062 2168 iis
1092 2104 1283 2186 regionibus
1298 2109 1496 2177 vicariatum

390 2208 628 2292 Apostolicum
640 2226 700 2290 per
716 2206 858 2270 Nostras
870 2205 997 2270 litteras
1008 2206 1244 2272 constituimus
1246 2213 1497 2288 ,constitutum-

388 2333 455 2398 que
470 2309 725 2396 congregationi
740 2309 784 2374 ab
801 2309 1026 2375 Immaculato
1042 2310 1152 2376 Corde
1169 2312 1299 2378 Manae
1299 2315 1410 2399 vulgo
1423 2320 1496 2388 (de

207 2394 362 2514 3²72?AEssss
390 2415 609 2485 Scheutveld-
612 2415 675 2478 lez·
678 2413 886 2482 Bruxelles)
915 2423 1126 2496 nuncupatae
1148 2417 1333 2498 gerendum
1354 2419 1495 2484 tradidi·

211 2513 250 2618 ἢ
249 2513 340 2627 ‘1⁵2⁴‘
324 2521 361 2560 l
335 2577 364 2620 l
389 2541 473 2600 mus,
483 2520 643 2584 silvestris
659 2517 716 2582 illa
732 2527 835 2601 atque
849 2516 976 2582 inculta
991 2517 1108 2582 vineae
1123 2518 1264 2585 Domini
1280 2541 1357 2605 pars
1374 2543 1496 2605 opera·

210 2633 361 2704 ⁶⁶⁶aJBla
388 2627 511 2690 riorum
528 2622 686 2701 culturae,
697 2631 734 2686 ut
751 2619 1091 2704 Nobissignificatum
1107 2631 1167 2701 est,
1182 2643 1218 2688 se
1233 2623 1365 2690 facilem
1396 2647 1492 2710 prae·

209 2752 236 2796 ra
211 2693 362 2806 'unffi
386 2729 469 2807 buit,
495 2726 649 2809 latosque
675 2726 717 2790 de
732 2745 768 2788 se
794 2725 921 2788 tructus
948 2733 1049 2808 atque
1076 2725 1192 2790 uberes
1204 2728 1316 2810 coepit
1331 2729 1491 2810 polliceri

387 2833 420 2897 N
423 2853 487 2897 unc
497 2849 576 2896 vero
592 2848 668 2912 spes
685 2828 809 2893 Nostra
831 2827 980 2893 maxime
998 2827 1213 2893 confirmatur
1228 2840 1330 2913 atque
1346 2842 1491 2914 augetur

387 2958 432 3002 ex
447 2955 498 3013 eo,
513 2933 630 3017 quod
620 2953 692 3016 rpse
704 2932 883 3015 Belgarum
901 2933 980 2997 Rex
999 2933 1103 3015 probe
1118 2932 1334 3016 intelligens·
1323 2955 1356 2998 rn
1374 2937 1489 3001 catho-

388 3040 451 3104 lica
467 3035 627 3120 religione
650 3035 813 3118 originem
837 3043 871 3099 et
900 3034 1010 3100 fontes
1030 3034 1250 3101 humanitatis
1266 3037 1375 3102 inesse
1401 3038 1490 3103 illins

388 3141 622 3229 propagationi
638 3161 697 3225 per
712 3140 856 3225 populos
880 3139 999 3204 ditioni
1030 3159 1110 3204 suae
1140 3147 1255 3206 recens
1279 3141 1415 3207 additos
1441 3143 1490 3208 ita

385 3250 467 3315 lavit
483 3258 519 3312 ut
535 3237 684 3311 eiusdem
701 3244 952 3329 propagationis
964 3263 1094 3326 auspex
1110 3245 1261 3309 extiterit
1284 3255 1318 3309 et
1344 3247 1489 3328 patroci-

385 3354 478 3418 nium
494 3351 601 3415 libens
616 3348 806 3432 susceperit
824 3347 879 3412 Ex
891 3366 960 3430 quo
968 3345 1105 3430 quidem
1116 3347 1290 3431 auspicato
1306 3347 1387 3413 illud
1398 3347 1490 3414 obti-

384 3458 444 3542 git,
459 3453 550 3539 quod
566 3453 692 3536 Belgae
706 3450 895 3535 complures
912 3449 1051 3533 Regis'
1041 3469 1076 3514 m
1106 3449 1302 3533 exemplum
1333 3451 1376 3515 ad
1400 3471 1489 3517 nova

270 3581 327 3612 runc
329 3581 359 3612 οη
383 3556 589 3642 provehendi
608 3577 667 3639 per
696 3553 848 3620 Africam
878 3561 1014 3638 gentem
1029 3551 1186 3618 catholici
1206 3553 1350 3618 nominis
1373 3556 1489 3621 studia

208 3625 359 3738 llllillllm
386 3668 501 3734 statim
517 3663 703 3732 exarserint
715 3672 749 3727 et
763 3663 909 3727 salutare
924 3681 1009 3744 opus
1019 3661 1121 3726 alacri
1132 3660 1405 3745 animoaggressi
1417 3662 1486 3728 iarn

206 3756 334 3906 {223}le
318 3818 358 3849 uo·
385 3772 492 3838 multa
507 3767 714 3854 perfecerint,
734 3786 820 3850 quae
838 3765 909 3830 Nos
925 3764 989 3829 illis
1006 3765 1124 3830 merito
1139 3765 1353 3848 gratulemur
1355 3765 1488 3850 Quibus

201 3874 324 3979 pk„
243 3837 393 3971 neff-
384 3897 418 3942 rn
449 3875 548 3940 rebus
571 3874 652 3938 dum
682 3870 864 3954 singularia
893 3871 1026 3936 divinae
1066 3869 1297 3953 providentiae
1326 3869 1490 3938 beneficia

206 3981 314 4030 ⁶⁶1⁶⁶⁶⁶
385 3976 607 4064 agnoscimus,
626 3993 694 4038 non
719 3973 830 4037 minus
845 3973 1005 4037 miramur
1026 3972 1175 4038 studium
1202 3982 1236 4037 et
1259 3974 1486 4040 constantiam

385 4092 437 4147 tot
448 4079 704 4146 lectissimorum
719 4077 875 4154 virorum,
886 4077 943 4160 qui
955 4075 1144 4159 primaevos
1159 4075 1324 4158 evangelii
1348 4078 1485 4144 nuntios

383 4185 542 4252 aemulati
557 4193 592 4248 et
607 4203 675 4248 non
693 4181 796 4247 aliam
812 4181 875 4247 sibi
893 4182 1129 4265 deposcentem
1156 4181 1352 4259 mercedem,
1378 4202 1483 4266 quarn

381 4291 522 4356 salutem
539 4287 737 4366 animarum,
758 4306 818 4370 per
832 4286 1011 4352 Africanas
1035 4287 1187 4372 regiones
1208 4297 1323 4354 serunt
1342 4287 1483 4354 verbum
