3352 4926
426 255 498 328 286
778 274 900 326 mnan
927 270 1176 324 nuscurrcus.

1478 419 1533 472 Peg.

493 499 584 554 ruisse
610 512 652 567 97.
678 528 713 540 -
738 499 807 554 Post
842 497 940 554 saeculi
966 497 1036 552 XVI
1069 506 1265 568 tempestates,
1292 496 1459 566 Legibertus

494 579 630 647 Buckley‚
644 595 716 633 unus
729 588 883 648 superstes,
898 575 1136 647 congregationis
1154 577 1462 646 mlo-Benedictina

491 667 592 714 auctor
603 671 645 724 97.
659 687 695 696 -·
717 659 811 728 Quam
834 655 1093 726 Congrcgationem
1117 655 1222 710 Paulus
1235 655 1261 709 V
1280 655 1458 725 adprobavit,

492 736 659 806 legibusque
679 735 875 790 instruendam
897 733 1026 799 curavit;
1050 735 1187 789 Urbanus
1208 735 1283 789 VIII
1305 733 1461 804 privilegiis

493 816 579 884 auxit,
591 815 777 870 missionibus
789 813 1028 880 accommodatum
1042 813 1216 868 Benedictus
1229 814 1302 868 XIV
1314 814 1343 867 in
1356 815 1461 868 obeun-

493 894 538 951 dis
551 895 719 950 missionum
732 895 833 950 officiis
845 894 972 964 adjuvit;
987 894 1054 948 Pius
1070 893 1111 947 IX
1125 892 1162 947 ad
1180 909 1361 948 communem
1375 893 1459 948 disci·

493 975 601 1046 plinam
614 973 811 1044 initialemque
824 973 1023 1044 probationem
1044 972 1245 1027 adducendam
1258 973 1357 1026 statuit
1370 973 1412 1040 98.
1426 1001 1463 1012 -

495 1055 562 1124 Ipse
573 1052 703 1108 Pontifex
716 1052 892 1108 visitatorem
904 1052 943 1106 ad
955 1051 1047 1121 ipsam
1061 1050 1147 1119 misit,
1159 1059 1246 1121 atque
1259 1051 1381 1106 concilia
1394 1052 1461 1106 inde

493 1142 556 1188 orta
568 1132 765 1202 comprobavit
777 1133 820 1201 98.
834 1162 868 1171 —
882 1133 909 1186 N
912 1149 967 1186 unc
980 1148 1031 1204 per
1053 1147 1084 1185 se
1096 1133 1231 1202 quaedam
1242 1147 1331 1201 scopo
1344 1132 1459 1187 obstan·

492 1214 533 1269 tia
558 1214 657 1268 tollere
681 1213 803 1268 intendit
816 1227 908 1282 99-
929 1212 1098 1267 Ostenditur
1121 1227 1179 1282 qua
1202 1212 1324 1282 sapienti
1349 1211 1460 1267 ratione

494 1295 631 1350 Urbanus
643 1292 718 1345 VIII
742 1303 808 1346 tunc
831 1291 966 1361 temporis
985 1290 1213 1361 jurisdictionem
1225 1309 1259 1345 ac
1278 1291 1460 1360 disciplinam

494 1370 730 1441 Congregationis
756 1371 938 1426 missionibus
965 1369 1090 1425 addictae
1114 1369 1259 1425 diffinierit
1282 1385 1324 1439 99.
1344 1401 1379 1410 -
1401 1371 1459 1425 Sed

492 1450 656 1506 instauratis
669 1449 849 1505 monasteriis
869 1448 1013 1504 discordia
1034 1457 1096 1504 orta
1117 1449 1191 1503 inter
1208 1449 1312 1519 duplex
1337 1450 1460 1505 elemen-

493 1542 553 1586 tum
577 1529 768 1582 monasticum
797 1539 826 1584 et
851 1528 1016 1584 missionale
1037 1542 1079 1597 99.
1102 1559 1137 1568 -
1158 1528 1350 1598 congregatio
1372 1547 1461 1600 quum

493 1619 594 1664 natura
619 1605 711 1675 magis
737 1607 897 1662 monastica
921 1607 966 1675 sit,
979 1607 1131 1664 missiones
1155 1607 1338 1663 monasteriis
1360 1625 1460 1678 parere

492 1705 606 1760 aeqoum
619 1699 663 1742 est
679 1703 737 1742 100.
750 1717 786 1728 -
800 1689 833 1742 In
846 1687 947 1758 quovIs
960 1687 1060 1742 ordine
1072 1704 1106 1742 ex
1119 1687 1226 1759 duplici
1240 1688 1381 1744 elemento
1394 1705 1460 1744 san·

493 1767 673 1823 ctificationis
695 1767 823 1836 internae,
843 1767 1054 1837 activitatisque
1075 1777 1209 1827 externas,
1226 1767 1304 1837 prius
1326 1779 1459 1823 naturam

492 1847 582 1917 ipsius
594 1845 686 1915 magis
698 1845 830 1915 exprimit
846 1860 941 1900 100.-
954 1844 1034 1912 Inde,
1045 1861 1134 1916 quum
1148 1845 1340 1914 congregatio
1351 1845 1460 1915 Angio-

493 1926 682 1983 Benedictina
703 1925 862 1982 monastica
882 1926 926 1995 sit,
947 1943 964 1980 a
986 1925 1179 1981 caenobiorum
1191 1926 1347 1980 rectoribus
1359 1925 1460 1980 mode-

493 2006 585 2061 randa
598 2015 641 2060 est
657 2019 715 2060 100.
728 2035 763 2044 -
776 2006 861 2074 Quod
874 2015 971 2076 aperte
984 2007 1067 2060 docet
1081 2005 1200 2060 historia
1211 2005 1314 2075 prioris
1333 2005 1461 2074 Congre-

492 2082 617 2155 gationis
639 2100 657 2138 a
679 2085 707 2138 S.
730 2083 899 2154 Augustino,
909 2085 990 2156 juxta
1011 2095 1137 2139 mentem
1152 2085 1180 2139 S.
1195 2083 1324 2153 Gregorii
1338 2083 1379 2138 M.
1392 2101 1462 2139 con·

492 2165 560 2220 ditae
587 2179 646 2218 100.
668 2193 704 2204 -
730 2163 836 2218 Omnia
865 2179 916 2235 per
946 2164 1104 2219 monachos
1134 2163 1296 2219 Abbatibus
1327 2172 1462 2234 parentes

494 2242 601 2298 fiebant
625 2252 685 2297 tarn
709 2253 789 2296 extra
813 2259 898 2314 quam
924 2243 999 2297 intra
1023 2244 1211 2298 claustrorum
1237 2253 1319 2312 septa
1346 2257 1403 2296 101.
1426 2273 1462 2282 -

494 2322 595 2391 Qualis
609 2320 702 2375 floruit
714 2337 766 2391 per
775 2322 889 2382 saecula,
904 2322 969 2376 talis
992 2321 1150 2376 instaurata
1162 2321 1258 2390 vigeat
1271 2331 1383 2392 oportet
1400 2335 1458 2376 101.

492 2433 527 2442 -
543 2401 623 2456 idem
636 2403 744 2456 eruitur
755 2419 790 2457 ex
803 2402 1014 2458 Constitutione
1026 2403 1166 2456 Plantata
1180 2403 1292 2457 Urbani
1307 2402 1381 2455 VIII
1398 2416 1458 2456 ποι.

494 2479 791 2535 Itat'ertconsuetudo
813 2481 981 2536 universalis
1002 2479 1119 2536 Ordinis
1140 2481 1297 2549 Benedicti,
1311 2491 1341 2535 ut
1361 2495 1458 2536 mona·

491 2559 585 2614 steriis
611 2559 763 2615 missiones
786 2573 907 2629 pareant
934 2575 992 2615 102.
1006 2590 1041 2600 -
1066 2561 1129 2614 Tali
1154 2559 1307 2630 disciplina
1331 2561 1459 2631 utrisque

492 2637 631 2709 perutilis3
641 2655 709 2692 nam
723 2638 841 2710 impedit
854 2655 890 2694 ne
903 2639 1077 2695 monasteria
1090 2656 1140 2710 per
1152 2641 1265 2695 labores
1279 2639 1461 2696 missionales

493 2717 703 2778 exhauriantur,
718 2728 746 2773 et
768 2718 895 2774 vicissim
915 2737 967 2790 per
985 2721 1116 2789 exempla
1128 2719 1294 2775 claustralia
1306 2719 1461 2774 missiones

492 2797 692 2852 soecundantur
707 2813 764 2852 102.
778 2827 813 2837 -
826 2799 1003 2855 Monasteria
1016 2808 1081 2854 sunt
1095 2808 1240 2870 tamquam
1254 2798 1375 2853 officinae
1388 2798 1462 2869 opti·

491 2893 603 2932 morum
615 2876 784 2946 scriptorum
800 2892 895 2947 109-
906 2879 974 2949 Ipsa
986 2877 1117 2933 educatio
1126 2876 1308 2948 juventutisa
1320 2875 1463 2933 coenobiis
1480 2925 1482 2928 .

491 2957 630 3027 majorem
643 2955 746 3027 accipit
766 2955 1006 3012 existimationem
1027 2967 1056 3011 et
1077 2957 1200 3012 fructum
1215 2971 1274 3025 103.
1285 2986 1319 2995 -
1333 2957 1460 3011 Relatio·

493 3052 560 3091 nem
572 3036 647 3089 hanc
659 3035 828 3092 missionum
840 3036 876 3090 ad
889 3036 1063 3092 monasteria
1076 3033 1105 3089 in
1118 3033 1265 3105 responsis
1276 3034 1461 3090 Cardinalern

492 3114 658 3183 intendisse,
671 3131 729 3168 non
752 3114 839 3170 inficit
860 3132 1028 3186 responsum
1048 3115 1087 3169 ad
1106 3115 1230 3185 primum
1244 3111 1403 3184 quaesitum,
1416 3113 1460 3168 di-

494 3203 569 3248 serte
594 3193 720 3249 declarat
743 3210 913 3263 responsum
938 3193 975 3248 ad
998 3193 1155 3248 secundum
1180 3203 1284 3262 caput;
1311 3193 1386 3264 quod
1409 3210 1464 3262 per

492 3273 619 3340 singulas
632 3281 727 3342 partes
740 3272 908 3340 ostenditur,
920 3289 985 3342 quas
996 3271 1140 3342 pertinent
1150 3271 1188 3326 ad
1205 3287 1296 3325 novas
1307 3271 1461 3326 missiones

493 3350 699 3420 suscipiendas,
711 3350 749 3406 ad
762 3351 958 3406 missionarios
968 3350 1183 3421 deligendosad
1193 3349 1346 3405 excitanda
1356 3349 1463 3418 studia,

492 3430 529 3484 ad
542 3438 684 3484 rectorum
698 3429 805 3497 sedern,
818 3430 856 3484 ad
869 3430 984 3485 unitum
996 3429 1167 3497 tirocinium,
1179 3429 1217 3484 ad
1236 3429 1362 3498 capitula
1373 3445 1461 3498 gene·

492 3508 564 3562 ralia
579 3519 700 3576 103·105.
716 3538 750 3547 —
762 3509 883 3563 Accedit
892 3525 1061 3581 responsum
1071 3509 1108 3563 ad
1118 3508 1248 3578 quintam
1260 3508 1462 3579 quaestionem,

493 3603 549 3658 quo
561 3587 727 3642 constitutio
749 3588 915 3643 monasticae
927 3587 984 3658 legi
1000 3605 1087 3660 quam
1108 3587 1232 3644 maxime
1251 3587 1463 3643 conformanda

492 3668 653 3723 declaratur
668 3679 725 3735 105.
738 3696 774 3707 -
788 3668 877 3722 Hisce
886 3678 1033 3739 permotus
1051 3667 1182 3722 Pontifex
1200 3667 1299 3722 statuit
1310 3665 1462 3737 sequentia

496 3758 552 3814 105.
563 3775 598 3784 -
612 3745 733 3799 Munera
745 3745 962 3815 provincialium
974 3764 1009 3801 ac
1022 3747 1098 3801 binae
1110 3745 1265 3816 provinciae
1278 3746 1462 3800 missionales

493 3826 623 3880 delentur
638 3826 695 3879 106.
709 3854 744 3865 -
759 3826 913 3880 Missiones
927 3826 1117 3896 jurisdictioni
1134 3825 1372 3881 monasteriorum
1393 3825 1461 3880 sub·

493 3904 643 3959 mittuntur
657 3903 751 3958 106.-
760 3905 807 3959 Ad
819 3907 989 3976 praepositos
1001 3905 1239 3960 monasteriorum
1252 3904 1462 3959 transferuntur

492 3982 640 4053 privilegia
660 3983 1001 4039 ProvIncialium106.-
1024 3983 1175 4054 Praepositi
1197 3983 1293 4053 quoad
1306 3983 1463 4040 missiones

491 4061 606 4132 praesidi
629 4061 753 4130 generali
773 4078 882 4116 morem
895 4073 997 4133 gerant
1012 4063 1069 4118 106.
1083 4093 1119 4104 -
1138 4061 1261 4118 Nonnisi
1278 4061 1378 4132 optimi
1392 4061 1461 4118 mis-

492 4140 621 4196 si0nibus
642 4141 820 4196 destinentur
845 4143 901 4196 rod.
924 4172 959 4181 —
973 4142 1149 4197 Missionarii
1174 4142 1327 4212 quotannis
1339 4140 1461 4212 aliquod

493 4230 605 4290 tempus
627 4217 655 4272 in
678 4219 799 4290 propriis
816 4220 955 4276 coenobiis
968 4221 1074 4292 degant
1090 4235 1148 4289 107.
1158 4251 1194 4261 --
1207 4222 1261 4276 Pet
1272 4237 1377 4276 noxum
1390 4237 1460 4276 con·

494 4297 588 4353 silium
600 4297 759 4366 missiones,
772 4316 926 4371 earumque
947 4302 1075 4372 pecuniae
1097 4301 1171 4358 Inter
1189 4301 1363 4374 mpnasteria
1375 4317 1464 4371 aeque
