3362 4944
394 297 462 382 136
493 311 701 365 nucan‘run
721 299 741 330 “
760 308 1066 377 QUEMADMODUM
1084 310 1243 366 onurun
1263 312 1395 364 annun
1416 344 1437 376 „

236 500 362 604 aritst-
434 484 499 551 111.
517 485 593 549 Hoc
609 495 722 550 autem
740 485 878 551 minime
894 486 1036 569 impedit
1051 487 1232 570 quominus
1248 486 1373 551 subditi
1389 484 1496 550 iibere

211 610 250 676 cra
261 605 362 666 Μίε-
389 607 427 652 ac
452 587 540 652 ultro
566 589 695 670 aperire
720 606 818 653 suum
845 589 998 654 animum
1027 590 1253 674 superioribus
1283 590 1417 654 valeant
1448 590 1494 654 ad

277 699 284 713 '
389 691 544 758 effectum
572 693 616 756 ab
639 690 772 758 illorum
797 694 976 777 prudentia
1001 695 1035 760 in
1062 695 1173 760 dubiis
1197 716 1237 759 ac
1263 692 1496 758 anxietatibus

213 671 277 712 istm

389 797 565 862 consilium
591 807 626 862 et
652 798 869 864 directionem
897 800 1072 866 obtinendi
1098 820 1161 884 pro
1176 800 1336 865 virtutum
1353 797 1495 882 acquisi-

388 900 481 965 tione
496 919 536 964 ac
547 899 759 984 perfectionis
775 921 962 986 progressu.

280 1038 302 1082 4
434 1004 496 1070 1v.
513 1005 696 1084 Praeterea,
712 1003 808 1071 firmo
824 1015 1020 1072 remanente
1059 1008 1148 1073 uoad
1172 1005 1393 1072 confessarios
1407 1002 1496 1068 ordi-

213 1084 365 1190 MP&
391 1108 500 1173 narios
513 1118 547 1173 et
558 1107 842 1176 extraordinarios
851 1027 1135 1180 communiffetum
1149 1112 1239 1196 quod
1251 1132 1272 1175 a
1283 1117 1499 1176 sacrosancto

213 1203 366 1368 {ma
390 1210 544 1382 Ξουοίἰίἰο
567 1211 766 1278 Tridentino
791 1215 1028 1297 praescribitur
1054 1217 1089 1281 in
1118 1215 1206 1282 Sess.
1232 1232 1276 1298 25
1306 1212 1380 1296 Cap.
1397 1231 1441 1276 10
1454 1211 1496 1274 de

216 1325 366 1434 mma*
425 1337 506 1400 egre.
531 1326 565 1382 et
589 1337 650 1384 as.
665 1338 708 1383 tn.
735 1319 905 1385 Benedicti
917 1321 1017 1386 XIV
1028 1323 1188 1388 statuitur
1202 1322 1236 1386 in
1253 1318 1495 1386 constitutione

391 1437 478 1501 quae
501 1420 618 1503 incipit
643 1433 662 1490 (
688 1421 876 1487 Pastoralis
898 1439 1029 1495 uerae>
1056 1425 1226 1492 Sanctitas
1243 1423 1312 1490 Sua
1352 1421 1497 1487 raesules

393 1524 645 1692 auperiorepque
659 1527 830 1605 admonet,
846 1549 888 1592 ne
904 1475 1210 1595 extraofdinarium
1227 1444 1395 1612 deneglfent
1419 1527 1498 1592 sub·

417 1627 472 1693 rtis
496 1647 559 1693 con
574 1631 734 1695 essarium
787 1633 895 1697 uoties
918 1643 956 1699 ut
1009 1655 1046 1699 ro
1071 1635 1140 1699 riae
1165 1632 1391 1698 conscientiae
1418 1649 1498 1696 con·

394 1731 506 1796 sulant
521 1733 612 1797 adid
628 1733 754 1799 subditi
761 1650 966 1820 qadigantur,
984 1655 1074 1821 1quiri
1101 1737 1203 1802 iidem
1225 1735 1412 1818 superiores
1428 1729 1499 1797 ullo

395 1836 498 1902 modo
533 1835 704 1920 petitionis
742 1839 905 1904 rationem
933 1840 1114 1924 inquirant,
1138 1848 1197 1905 aut
1224 1857 1323 1922 aegre
1347 1837 1380 1901 id
1413 1835 1498 1900 ferre

263 2041 352 2089 am
395 1938 635 2108 gemonstrent.
659 1941 713 2004 Ac
736 1959 779 2006 ne
802 1943 946 2008 evanida
974 1953 1043 2008 tam
1070 1943 1209 2025 provida
1236 1938 1414 2024 dispositio
1430 1936 1500 2016 fiat,

274 2101 291 2114 ,,
350 2040 371 2085 ¹⁴·
432 2043 595 2108 rdinarios
619 2045 817 2111 exhortatur
849 2048 946 2112 utin
974 2047 1056 2112 locis
1096 2067 1133 2112 ro
1158 2047 1227 2112 riae
1241 2046 1433 2110 dioeceseos
1464 2043 1499 2106 in

220 2101 372 2222 wer?
397 2145 518 2229 quibus
528 2147 703 2212 mulierum
715 2096 976 2214 communitates
985 2067 1296 2228 existfmtffidoneos
1308 2092 1502 2212 sacerdotes

398 2249 611 2316 facultatibus
627 2251 806 2317 instructos
821 2253 1008 2337 designent,
1034 2254 1076 2319 ad
1105 2273 1190 2338 quos
1212 2273 1274 2337 pro
1289 2261 1501 2317 sacramento

261 2405 309 2499 A&
397 2355 624 2523 poppitentiae
640 2375 805 2422 recurrere
821 2377 881 2423 eae
896 2356 994 2422 facile
1009 2367 1144 2443 queant.

287 2465 373 2499 nesus
475 2506 483 2524 .
542 2459 609 2522 uod
634 2478 714 2524 vero
743 2461 865 2526 attinet
900 2461 944 2526 ad
1030 2461 1239 2527 rmissionem
1269 2459 1322 2525 vel
1379 2458 1503 2524 rohibi·

222 2511 309 2677 angui}
328 2511 375 2666 Sayci
396 2457 540 2627 nonen?
550 2565 594 2628 ad
620 2584 748 2630 sacram
774 2565 942 2649 Synaxim
969 2482 1161 2644 attedendi,
1184 2565 1303 2630 eadem
1331 2481 1504 2632 sinceras

214 2643 362 2750 Jsssfa‘rrn‘ff
398 2663 469 2729 Sua
498 2665 656 2744 decernit,
685 2666 878 2731 huiusmodi
909 2668 1145 2750 permissiones
1174 2669 1227 2732 vel
1258 2666 1504 2751 prohibitiones

221 2753 375 2855 ww
399 2767 580 2834 dumtaxat
594 2770 638 2834 ad
653 2769 892 2837 confessarium
907 2772 1112 2838 ordinarium
1128 2771 1180 2837 vel
1196 2771 1502 2836 extraordinarium

222 2867 260 2972 βξ,
270 2866 374 2972 mg*
399 2880 560 2954 spectare,
582 2872 663 2956 quin
679 2875 865 2958 superiores
888 2874 991 2940 ullam
1015 2874 1161 2941 habeant
1188 2875 1421 2940 auctoritatem
1439 2875 1505 2938 hac

223 2959 375 3092 margats
399 2974 434 3039 in
459 2995 494 3040 re
520 2995 593 3040 sese
616 2977 798 3061 ingerendi,
822 2987 968 3062 excepto
994 2997 1074 3044 casu
1101 2998 1169 3062 quo
1191 2978 1311 3063 aliquis
1327 2998 1371 3042 ex
1387 2997 1505 3042 eorum

219 3108 274 3163 pose
316 3059 375 3148 fua
400 3079 543 3146 subditis
561 3093 637 3164 post
661 3081 816 3147 ultimam
841 3083 1118 3150 sacramentalem
1143 3083 1388 3147 confessionem
1410 3101 1504 3146 com·

216 3175 376 3292 ssssffl'
401 3185 557 3252 munitati
587 3185 746 3250 scandalo
772 3185 881 3265 fuerit,
907 3195 965 3252 aut
992 3206 1128 3271 gravem
1160 3197 1336 3251 externam
1369 3182 1505 3268 culpam

223 3293 348 3436 Μ’ξόω·
400 3290 590 3372 patraverit,
613 3289 721 3355 donec
736 3291 779 3356 ad
796 3291 1024 3374 poenitentiae
1041 3301 1287 3356 sacramentum
1313 3292 1424 3354 denuo
1449 3309 1505 3353 ac·

237 3421 375 3508 summ
400 3394 543 3459 cesserit.

222 3507 375 3613 gesem·
443 3496 505 3562 VI.
522 3497 704 3563 Monentur
718 3497 796 3563 hinc
812 3517 939 3577 omnes,
954 3508 991 3564 ut
1007 3498 1050 3563 ad
1067 3518 1198 3564 sacram
1211 3498 1378 3582 Synaxim
1390 3507 1510 3562 curent

222 3626 295 3672 nrm
358 3639 375 3674 a
399 3599 577 3686 diligenter
606 3622 643 3666 se
671 3623 868 3686 praeparare
898 3613 934 3668 et
957 3606 1116 3669 accedere
1147 3602 1266 3668 diebus
1297 3603 1330 3665 in
1361 3601 1510 3685 propriis

221 3685 364 3790 {ss‘ff
399 3705 522 3790 regulis
538 3707 672 3771 statutis
687 3726 695 3786 ;
709 3715 744 3770 et
758 3707 890 3791 quoties
906 3707 951 3772 ob
967 3707 1131 3773 fervorem
1156 3716 1191 3772 et
1214 3705 1421 3791 spiritualem
1447 3706 1510 3770 ali-

221 3801 335 3910 W
399 3812 492 3876 cuius
519 3808 704 3895 profectum
731 3809 950 3876 confessarius
966 3811 1130 3895 expedire
1157 3810 1353 3876 iudicaverit
1379 3819 1416 3874 ut
1443 3810 1509 3874 fre-

225 3970 373 4017 Ramm
399 3914 555 3996 quentius
566 3913 714 3991 accedat,
729 3913 763 3977 id
779 3914 809 3977 ei
825 3914 869 3979 ab
884 3915 959 3997 ipso
975 3915 1182 3980 confessario
1198 3914 1348 3999 permitti
1373 3913 1509 3997 poterit.

221 4029 371 4136 mm
398 4018 525 4083 Verum
542 4017 599 4101 qui
614 4016 784 4083 licentiam
801 4039 821 4083 a
844 4019 1048 4084 confessario
1064 4020 1249 4085 obtinuerit
1274 4017 1510 4101 frequentioris

221 4147 372 4218 „canusa
398 4141 436 4186 ac
452 4123 553 4187 etiam
570 4122 786 4205 quotidianae
802 4124 1059 4203 communionis,
1087 4124 1129 4189 de
1155 4123 1219 4188 hoc
1234 4122 1409 4188 certiorem
1432 4123 1508 4188 red·

212 4221 372 4326 mm
397 4222 476 4286 dere
513 4220 716 4304 superiorem
741 4231 917 4303 tencatur;
941 4226 1032 4306 quod
1052 4223 1080 4288 si
1103 4223 1158 4288 hic
1188 4223 1294 4287 iustas
1321 4239 1510 4307 gravesque

212 4326 341 4445 m&
396 4345 531 4391 caussas
554 4344 591 4390 se
613 4325 737 4390 habere
764 4336 896 4410 reputet
911 4337 1030 4394 contra
1045 4325 1288 4411 frequentiores
1314 4325 1511 4391 huiusmodi
