3362 4944
250 261 302 312 DE
321 261 502 312 sTnTth
521 260 722 312 SEMINARII
739 259 927 314 COMILLAS
946 259 1170 314 PROBANDIS.
1218 260 1281 329 131

176 435 334 510 oportere
347 425 559 504 videbuntur,
582 427 703 491 certior
718 427 842 509 petitor
857 425 923 506 fiet,
938 427 1018 511 quid
1034 427 1097 492 sibi
1114 435 1286 511 praestan·
1321 433 1454 534 ποιέω

176 531 259 594 dum
276 531 325 594 uti
341 529 393 593 sui
419 528 690 612 experimentum
714 530 874 612 praebeat
895 532 985 614 apud
1011 529 1160 595 delectos
1184 530 1228 593 ad
1251 528 1284 592 id
1356 543 1423 602 1890.
1454 520 1462 536 '

177 635 324 698 muneris
339 632 436 698 viros.
451 649 539 712 -4
558 631 818 716 Supellectilem,
844 633 955 712 libros,
977 633 1104 698 victum
1128 643 1162 699 et
1177 643 1287 698 vestes
1378 659 1404 712 4⁰

176 736 392 801 seminarium
409 736 641 820 suppeditabit
656 755 702 800 ex
724 755 792 818 quo
817 736 872 800 die
895 738 938 802 ad
963 736 1196 802 educationem
1213 757 1285 822 gra·
1312 712 1464 826 „325ss

178 839 299 904 tuitam
315 848 493 923 cooptatus
518 838 617 904 suerit
641 838 818 918 alumnus;
842 838 1057 904 solummodo
1079 841 1235 924 exigetur
1251 850 1288 904 ut
1312 832 1411 944 ζζξΜι

178 941 340 1025 oppidum
363 942 525 1008 Comillas
550 942 708 1007 adveniat
734 940 876 1006 honesta
904 942 1041 1008 indutus
1056 952 1149 1008 veste
1165 954 1199 1008 et
1214 952 1288 1008 tan-

178 1056 249 1112 tum
267 1045 385 1112 afferat
400 1048 571 1131 pecuniae,
583 1055 749 1130 quantum
766 1047 847 1110 satis
863 1048 926 1112 erit
942 1059 980 1113 ut
993 1048 1133 1114 domum
1150 1055 1290 1130 repetat,

179 1151 208 1214 si
234 1150 268 1214 id
296 1148 383 1214 forte
412 1149 574 1234 expedire
604 1149 829 1229 iudicabitur;
857 1151 923 1216 hae
951 1171 1032 1216 vero
1062 1153 1225 1235 pecuniae
1255 1153 1288 1214 in

179 1255 338 1320 thesauro
352 1254 573 1336 deponentur,
599 1251 681 1317 data
705 1253 796 1336 prius
812 1253 1007 1335 parentibus
1023 1253 1186 1320 cautione
1202 1292 1246 1302 —
1263 1268 1290 1334 5.

180 1354 404 1422 Seminarium
429 1355 586 1440 ingressis
603 1373 786 1436 nunquam,
802 1355 865 1419 nisi
888 1357 1086 1438 gravissima
1107 1378 1152 1422 ex
1171 1377 1291 1421 caussa
1377 1385 1407 1438 5⁰

179 1458 387 1542 superiorum
404 1458 529 1524 iudicio
544 1457 765 1536 aestimanda,
781 1476 841 1540 per
855 1465 965 1525 totum
982 1461 1190 1526 educationis
1206 1469 1290 1525 tem·
1315 1439 1467 1544 {m‘ss

180 1585 243 1648 pus
259 1563 352 1629 exire
367 1564 489 1630 licebit.
506 1563 544 1631 Si
559 1565 617 1648 qui
644 1583 723 1627 vero
750 1563 792 1628 ad
810 1563 965 1630 militiam
981 1565 1146 1650 proficisci
1167 1585 1289 1647 cogan-
1315 1557 1465 1611 Sentinas-io,

179 1675 242 1745 tur,
257 1665 433 1750 praesectis
457 1666 625 1749 integrum
646 1685 781 1749 prorsus
796 1667 859 1730 erit
875 1667 958 1731 alios
982 1669 1015 1732 in
1040 1688 1155 1733 eorum
1179 1669 1288 1734 locum

178 1769 339 1848 sufficere,
354 1769 435 1852 quin
452 1789 604 1853 egressos
617 1789 729 1834 rursus
742 1770 920 1834 admittere
931 1770 999 1835 ulla
1011 1773 1141 1838 ratione
1153 1781 1290 1837 tenean-

179 1883 295 1939 tur.-
307 1876 336 1944 6,
354 1871 486 1956 Quibus
503 1872 626 1939 mentis
642 1872 812 1954 animique
826 1873 962 1937 dotibus
978 1873 1088 1938 aDeo
1099 1875 1198 1939 ditati
1214 1875 1289 1951 sint,
1329 1865 1464 1985 quogm

179 1995 247 2060 qua
262 1975 365 2040 etiam
380 1977 558 2042 vocatione
573 1976 715 2060 praediti
732 1976 854 2041 suerint
879 1977 922 2041 ad
946 1996 1068 2042 munus
1084 1977 1289 2043 sacerdotale
1313 1985 1417 2031 tationes

179 2082 433 2165 capessendum,
450 2080 577 2146 alumni
593 2081 674 2146 totis
700 2081 833 2146 duobus
853 2080 970 2164 primis
985 2081 1082 2144 annis
1098 2082 1287 2164 probabun·
1314 2045 1453 2100 'mm'

135 2271 137 2279 ι
179 2197 253 2250 tur:
270 2203 373 2268 quare
388 2205 447 2269 per
461 2183 526 2250 hoc
542 2196 675 2268 tempus
690 2183 820 2250 facilius
835 2185 961 2251 dimitti
976 2195 1143 2268 poterunt
1160 2185 1197 2253 Si
1209 2205 1287 2252 vero

180 2289 413 2356 sexdecimum
444 2289 617 2373 attigerint
647 2290 768 2355 aetatis
806 2309 943 2369 annum,
975 2300 1155 2375 menteque
1192 2290 1288 2355 firma

179 2391 436 2459 deliberaverint
451 2393 494 2457 ad
520 2392 761 2458 sacerdotalem
787 2394 987 2477 dignitatem
1011 2395 1075 2459 sibi
1090 2415 1286 2479 comparan-

179 2499 259 2563 dam
290 2496 376 2559 serio
406 2494 603 2561 adlaborare
633 2504 671 2562 ut
700 2497 868 2561 vocationi
900 2497 1033 2563 divinae
1063 2497 1166 2564 talem
1196 2498 1286 2564 viam

179 2599 424 2666 demonstranti
451 2599 686 2683 respondeant,
710 2609 791 2666 tunc
815 2601 952 2684 quidem
980 2602 1055 2666 Deo
1079 2603 1287 2686 promittent,

178 2704 371 2787 scriptoque
386 2704 580 2768 testimonio
594 2705 797 2788 promissum
814 2704 1004 2785 firmabunt,
1019 2726 1055 2770 se
1082 2717 1159 2790 post
1175 2727 1285 2771 sacros

179 2807 315 2874 ordines
328 2814 483 2891 acceptos
494 2827 554 2891 per
565 2816 710 2891 quatuor
722 2808 841 2874 saltem
855 2828 961 2874 annos
973 2809 1127 2893 propriae
1141 2810 1285 2877 dioecesi

180 2911 411 2979 inserviendae
425 2909 495 2976 iore
510 2910 663 2977 addictos
684 2912 731 2978 sic
747 2921 785 2978 ut
800 2931 861 2995 per
875 2911 939 2976 hoc
963 2913 1123 2994 temporis
1139 2915 1285 2995 spatium

180 3014 264 3081 nulli
279 3014 387 3080 ordini
412 3013 567 3099 religioso
591 3035 715 3080 nomen
731 3015 811 3080 dare
834 3017 964 3099 possint
986 3017 1057 3080 sine
1072 3015 1230 3099 peculiari
1246 3037 1286 3080 ac

181 3137 344 3202 expressa
357 3116 547 3182 dioecesani
574 3117 716 3182 Praelati
742 3115 901 3182 facultate
927 3117 961 3181 in
985 3116 1074 3181 hunc
1091 3116 1191 3182 finem
1207 3138 1285 3183 con·

181 3240 284 3288 cessa
299 3256 343 3269 -
357 3235 386 3300 7.
418 3217 614 3285 Studiorum
645 3220 739 3298 ratio,
769 3220 929 3303 temporis
959 3220 1105 3302 partitio,
1134 3221 1218 3286 ordo
1247 3241 1287 3285 ac
1378 3249 1404 3298 7⁰

181 3323 368 3388 domestica
404 3320 580 3404 disciplina
609 3321 833 3406 singularibus
865 3329 1053 3387 statuentur
1083 3322 1212 3406 legibus
1242 3325 1286 3388 ad
1310 3301 1463 3408 ,mlx

182 3425 359 3509 exemplar
372 3424 504 3508 collegii
520 3423 720 3503 Germanici,
735 3444 876 3509 quarum
893 3425 1008 3490 crebra
1019 3425 1158 3492 violatio
1169 3448 1287 3493 caussa
1311 3421 1405 3474 mm·

181 3529 359 3597 habebitur
375 3530 462 3593 iusta
477 3537 515 3593 ut
528 3528 752 3607 dimittantur,
766 3549 851 3613 quos
866 3528 1087 3595 dimittendos
1103 3533 1287 3615 superiores

181 3632 493 3700 existimabunt-
510 3633 539 3698 8.
562 3633 704 3717 Aequas
731 3631 847 3698 itidem
872 3633 1097 3698 censebuntur
1122 3635 1286 3700 dimissio·
1338 3629 1417 3759 quoa
1425 3689 1462 3734 ἀ..

182 3736 236 3802 nis
250 3752 396 3813 caussae,
411 3733 439 3798 si
455 3733 529 3818 quis
544 3734 588 3798 ad
604 3734 716 3799 studia
731 3735 841 3800 minus
857 3734 996 3800 idoneus
1012 3736 1244 3818 comperiatur,
1260 3737 1288 3800 si
1313 3748 1453 3800 massionem,
1561 3783 1565 3794 .

181 3837 227 3904 ad
243 3836 466 3902 sacerdotium
481 3834 641 3900 divinitus
657 3855 724 3901 non
741 3837 852 3901 vocari
867 3837 1028 3916 videatur,
1048 3838 1075 3900 si
1092 3856 1201 3900 mores
1217 3857 1287 3900 cor·
1352 3855 1356 3869 ·

183 3941 283 4026 rupti,
312 3939 364 4005 vel
394 3949 552 4004 constans
586 3939 729 4023 ignavia,
759 3940 811 4006 vel
843 3939 966 4004 ribellis
997 3943 1030 4004 in
1062 3941 1289 4005 moderatores

183 4046 318 4112 animus
349 4053 541 4128 appareant
571 4080 615 4093 -
644 4061 673 4123 9.
704 4043 846 4109 Biennio
877 4053 955 4107 ante
985 4042 1139 4107 absoluta
1169 4043 1290 4122 studia,
1380 4062 1405 4116 φ

181 4149 423 4232 doctrinaeque
446 4147 685 4230 experimentis
712 4146 803 4230 prius
828 4144 960 4224 habitis,
982 4145 1108 4210 alumni
1125 4147 1166 4211 ad
1183 4166 1289 4210 sacer·
1315 4115 1463 4227 rimis]

184 4255 319 4322 dotium
343 4251 437 4316 evehi
453 4258 619 4334 poterunt,
641 4250 669 4314 si
695 4249 837 4334 propriis
863 4267 978 4314 eorum
996 4249 1172 4334 Episcopis
1188 4271 1290 4335 expe·
