<?xml version="1.0" encoding="UTF-8"?>
<!DOCTYPE html PUBLIC "-//W3C//DTD XHTML 1.0 Transitional//EN"
    "http://www.w3.org/TR/xhtml1/DTD/xhtml1-transitional.dtd">
<html xmlns="http://www.w3.org/1999/xhtml" xml:lang="en" lang="en">
 <head>
  <title>
</title>
<meta http-equiv="Content-Type" content="text/html;charset=utf-8" />
  <meta name='ocr-system' content='tesseract 3.04.00' />
  <meta name='ocr-capabilities' content='ocr_page ocr_carea ocr_par ocr_line ocrx_word'/>
</head>
<body>
  <div class='ocr_page' id='page_1' title='image "./sanctissimidomi02xiiigoog_0299.png"; bbox 0 0 3352 4926; ppageno 0'>
   <div class='ocr_carea' id='block_1_1' title="bbox 420 269 1166 342">
    <p class='ocr_par' dir='ltr' id='par_1_1' title="bbox 420 269 1166 342">
     <span class='ocr_line' id='line_1_1' title="bbox 420 269 1166 342; baseline -0.003 -18"><span class='ocrx_word' id='word_1_1' title='bbox 420 277 489 342; x_wconf 87' lang='lat'><strong>²9²</strong></span> <span class='ocrx_word' id='word_1_2' title='bbox 770 271 891 321; x_wconf 78' lang='lat' dir='ltr'><strong>moux</strong></span> <span class='ocrx_word' id='word_1_3' title='bbox 918 269 1166 322; x_wconf 74' lang='lat' dir='ltr'><strong>nxxcrrucus</strong></span> 
     </span>
    </p>
   </div>
   <div class='ocr_carea' id='block_1_2' title="bbox 1446 383 1519 390">
    <p class='ocr_par' dir='ltr' id='par_1_2' title="bbox 1446 383 1519 390">
     <span class='ocr_line' id='line_1_2' title="bbox 1446 383 1519 390; baseline 0.014 -1"><span class='ocrx_word' id='word_1_4' title='bbox 1446 385 1453 389; x_wconf 86' lang='grc'><em>.</em></span> <span class='ocrx_word' id='word_1_5' title='bbox 1480 383 1519 390; x_wconf 55' lang='grc' dir='ltr'><strong>η.-</strong></span> 
     </span>
    </p>
   </div>
   <div class='ocr_carea' id='block_1_3' title="bbox 413 421 1519 831">
    <p class='ocr_par' dir='ltr' id='par_1_3' title="bbox 413 421 1519 831">
     <span class='ocr_line' id='line_1_3' title="bbox 488 421 1514 570; baseline -0.007 -12"><span class='ocrx_word' id='word_1_6' title='bbox 488 501 609 558; x_wconf 90' lang='lat' dir='ltr'><strong>tuendos</strong></span> <span class='ocrx_word' id='word_1_7' title='bbox 625 500 682 568; x_wconf 79' lang='lat'>164.</span> <span class='ocrx_word' id='word_1_8' title='bbox 691 531 726 540; x_wconf 92' lang='lat'>-</span> <span class='ocrx_word' id='word_1_9' title='bbox 736 499 824 570; x_wconf 90' lang='lat' dir='ltr'><strong>Cujus</strong></span> <span class='ocrx_word' id='word_1_10' title='bbox 836 497 950 570; x_wconf 88' lang='lat' dir='ltr'><strong>generis</strong></span> <span class='ocrx_word' id='word_1_11' title='bbox 960 497 1125 554; x_wconf 81' lang='lat' dir='ltr'>sodalitates</span> <span class='ocrx_word' id='word_1_12' title='bbox 1138 499 1196 554; x_wconf 87' lang='lat' dir='ltr'><strong>late</strong></span> <span class='ocrx_word' id='word_1_13' title='bbox 1208 499 1360 569; x_wconf 84' lang='lat' dir='ltr'><strong>propagari</strong></span> <span class='ocrx_word' id='word_1_14' title='bbox 1372 499 1450 570; x_wconf 90' lang='lat' dir='ltr'><strong>cupit</strong></span> <span class='ocrx_word' id='word_1_15' title='bbox 1470 421 1514 473; x_wconf 47' lang='lat' dir='ltr'><strong>Pae</strong></span> 
     </span>
     <span class='ocr_line' id='line_1_4' title="bbox 489 586 547 640; baseline 0.034 -2"><span class='ocrx_word' id='word_1_16' title='bbox 489 586 547 640; x_wconf 89' lang='lat'><strong>16.</strong></span> 
     </span>
     <span class='ocr_line' id='line_1_5' title="bbox 450 599 1450 739; baseline -0.009 -4"><span class='ocrx_word' id='word_1_17' title='bbox 450 685 505 735; x_wconf 78' lang='lat'><strong>44.</strong></span> <span class='ocrx_word' id='word_1_18' title='bbox 519 599 852 735; x_wconf 57' lang='lat' dir='ltr'><strong>ifOTU-PROPRIO</strong></span> <span class='ocrx_word' id='word_1_19' title='bbox 865 679 906 730; x_wconf 86' lang='lat' dir='ltr'><strong>de</strong></span> <span class='ocrx_word' id='word_1_20' title='bbox 915 680 1078 729; x_wconf 86' lang='lat' dir='ltr'><strong>Vaticana</strong></span> <span class='ocrx_word' id='word_1_21' title='bbox 1087 679 1221 739; x_wconf 85' lang='lat' dir='ltr'><strong>specula</strong></span> <span class='ocrx_word' id='word_1_22' title='bbox 1230 678 1450 728; x_wconf 75' lang='lat' dir='ltr'><strong>astronomica</strong></span> 
     </span>
     <span class='ocr_line' id='line_1_6' title="bbox 413 761 1519 831; baseline -0.01 -7"><span class='ocrx_word' id='word_1_23' title='bbox 413 771 618 825; x_wconf 86' lang='lat' dir='ltr'><strong>restituenda</strong></span> <span class='ocrx_word' id='word_1_24' title='bbox 631 775 662 821; x_wconf 86' lang='lat' dir='ltr'><strong>et</strong></span> <span class='ocrx_word' id='word_1_25' title='bbox 675 767 1026 831; x_wconf 77' lang='lat' dir='ltr'><strong>ampttncanda.-14</strong></span> <span class='ocrx_word' id='word_1_26' title='bbox 1039 766 1153 816; x_wconf 86' lang='lat' dir='ltr'><strong>martti</strong></span> <span class='ocrx_word' id='word_1_27' title='bbox 1167 764 1241 816; x_wconf 80' lang='lat'>1891</span> <span class='ocrx_word' id='word_1_28' title='bbox 1472 761 1519 830; x_wconf 81' lang='lat'><strong>163</strong></span> 
     </span>
    </p>
   </div>
   <div class='ocr_carea' id='block_1_4' title="bbox 478 870 1450 2199">
    <p class='ocr_par' dir='ltr' id='par_1_4' title="bbox 478 870 1450 2199">
     <span class='ocr_line' id='line_1_7' title="bbox 519 870 1450 944; baseline -0.009 -12"><span class='ocrx_word' id='word_1_29' title='bbox 519 875 689 942; x_wconf 84' lang='lat' dir='ltr'>Ecclesiam,</span> <span class='ocrx_word' id='word_1_30' title='bbox 703 873 809 928; x_wconf 87' lang='lat' dir='ltr'>Christi</span> <span class='ocrx_word' id='word_1_31' title='bbox 824 874 974 944; x_wconf 82' lang='lat' dir='ltr'>Sponsam,</span> <span class='ocrx_word' id='word_1_32' title='bbox 988 871 1170 928; x_wconf 90' lang='lat' dir='ltr'><strong>scientiarum</strong></span> <span class='ocrx_word' id='word_1_33' title='bbox 1178 870 1306 926; x_wconf 90' lang='lat' dir='ltr'><strong>altricem</strong></span> <span class='ocrx_word' id='word_1_34' title='bbox 1321 872 1450 926; x_wconf 74' lang='lat' dir='ltr'>Pontifex</span> 
     </span>
     <span class='ocr_line' id='line_1_8' title="bbox 482 949 1449 1028; baseline -0.009 -17"><span class='ocrx_word' id='word_1_35' title='bbox 482 956 631 1028; x_wconf 87' lang='lat' dir='ltr'><strong>profitetur</strong></span> <span class='ocrx_word' id='word_1_36' title='bbox 642 965 727 1024; x_wconf 90' lang='lat' dir='ltr'><strong>atque</strong></span> <span class='ocrx_word' id='word_1_37' title='bbox 744 953 930 1021; x_wconf 88' lang='lat' dir='ltr'><strong>demonstrat,</strong></span> <span class='ocrx_word' id='word_1_38' title='bbox 943 953 972 1006; x_wconf 92' lang='lat' dir='ltr'><strong>in</strong></span> <span class='ocrx_word' id='word_1_39' title='bbox 985 952 1069 1006; x_wconf 88' lang='lat' dir='ltr'><strong>rebus</strong></span> <span class='ocrx_word' id='word_1_40' title='bbox 1082 949 1258 1019; x_wconf 83' lang='lat' dir='ltr'><strong>theologicis,</strong></span> <span class='ocrx_word' id='word_1_41' title='bbox 1272 949 1449 1021; x_wconf 89' lang='lat' dir='ltr'><strong>philosophi-</strong></span> 
     </span>
     <span class='ocr_line' id='line_1_9' title="bbox 482 1029 1448 1104; baseline -0.009 -14"><span class='ocrx_word' id='word_1_42' title='bbox 482 1037 533 1104; x_wconf 86' lang='lat' dir='ltr'><strong>cis,</strong></span> <span class='ocrx_word' id='word_1_43' title='bbox 546 1032 736 1100; x_wconf 86' lang='lat' dir='ltr'><strong>aeconornicis,</strong></span> <span class='ocrx_word' id='word_1_44' title='bbox 747 1031 872 1101; x_wconf 87' lang='lat' dir='ltr'><strong>physicis</strong></span> <span class='ocrx_word' id='word_1_45' title='bbox 888 1033 945 1100; x_wconf 81' lang='lat'>165.</span> <span class='ocrx_word' id='word_1_46' title='bbox 957 1061 990 1071; x_wconf 96' lang='lat'><em>-</em></span> <span class='ocrx_word' id='word_1_47' title='bbox 1003 1029 1119 1084; x_wconf 85' lang='lat' dir='ltr'><strong>Eminet</strong></span> <span class='ocrx_word' id='word_1_48' title='bbox 1130 1029 1202 1083; x_wconf 89' lang='lat' dir='ltr'><strong>inter</strong></span> <span class='ocrx_word' id='word_1_49' title='bbox 1211 1029 1346 1085; x_wconf 82' lang='lat' dir='ltr'><strong>scientias</strong></span> <span class='ocrx_word' id='word_1_50' title='bbox 1359 1040 1448 1084; x_wconf 87' lang='lat' dir='ltr'><strong>astro·</strong></span> 
     </span>
     <span class='ocr_line' id='line_1_10' title="bbox 482 1107 1448 1181; baseline -0.009 -12"><span class='ocrx_word' id='word_1_51' title='bbox 482 1114 580 1169; x_wconf 89' lang='lat' dir='ltr'><strong>nomia</strong></span> <span class='ocrx_word' id='word_1_52' title='bbox 601 1113 658 1181; x_wconf 83' lang='lat'>165.</span> <span class='ocrx_word' id='word_1_53' title='bbox 672 1141 707 1151; x_wconf 95' lang='lat'>-</span> <span class='ocrx_word' id='word_1_54' title='bbox 726 1109 857 1165; x_wconf 88' lang='lat' dir='ltr'><strong>Ecclesia</strong></span> <span class='ocrx_word' id='word_1_55' title='bbox 870 1111 993 1180; x_wconf 74' lang='lat' dir='ltr'><strong>liturgiae</strong></span> <span class='ocrx_word' id='word_1_56' title='bbox 1010 1108 1139 1176; x_wconf 88' lang='lat' dir='ltr'><strong>sollicita,</strong></span> <span class='ocrx_word' id='word_1_57' title='bbox 1157 1107 1271 1177; x_wconf 89' lang='lat' dir='ltr'><strong>Juliano</strong></span> <span class='ocrx_word' id='word_1_58' title='bbox 1285 1109 1448 1173; x_wconf 86' lang='lat' dir='ltr'><strong>emendato,</strong></span> 
     </span>
     <span class='ocr_line' id='line_1_11' title="bbox 482 1187 1449 1258; baseline -0.008 -10"><span class='ocrx_word' id='word_1_59' title='bbox 482 1193 676 1249; x_wconf 87' lang='lat' dir='ltr'><strong>calendarium</strong></span> <span class='ocrx_word' id='word_1_60' title='bbox 689 1191 898 1258; x_wconf 83' lang='lat' dir='ltr'><strong>Gregorianum</strong></span> <span class='ocrx_word' id='word_1_61' title='bbox 919 1189 1037 1256; x_wconf 88' lang='lat' dir='ltr'><strong>induxit,</strong></span> <span class='ocrx_word' id='word_1_62' title='bbox 1049 1189 1224 1244; x_wconf 88' lang='lat' dir='ltr'><strong>elaboratum</strong></span> <span class='ocrx_word' id='word_1_63' title='bbox 1239 1187 1268 1242; x_wconf 88' lang='lat' dir='ltr'><strong>in</strong></span> <span class='ocrx_word' id='word_1_64' title='bbox 1284 1190 1353 1243; x_wconf 91' lang='lat' dir='ltr'><strong>turri</strong></span> <span class='ocrx_word' id='word_1_65' title='bbox 1370 1188 1449 1242; x_wconf 87' lang='lat' dir='ltr'><strong>Vati-</strong></span> 
     </span>
     <span class='ocr_line' id='line_1_12' title="bbox 481 1266 1449 1336; baseline -0.009 -8"><span class='ocrx_word' id='word_1_66' title='bbox 481 1288 618 1329; x_wconf 89' lang='lat' dir='ltr'><strong>canarum</strong></span> <span class='ocrx_word' id='word_1_67' title='bbox 634 1270 739 1324; x_wconf 85' lang='lat' dir='ltr'><strong>aedium</strong></span> <span class='ocrx_word' id='word_1_68' title='bbox 756 1268 850 1323; x_wconf 86' lang='lat' dir='ltr'><strong>adbuc</strong></span> <span class='ocrx_word' id='word_1_69' title='bbox 863 1279 992 1325; x_wconf 89' lang='lat' dir='ltr'><strong>exstante</strong></span> <span class='ocrx_word' id='word_1_70' title='bbox 1012 1268 1069 1323; x_wconf 88' lang='lat'>166.</span> <span class='ocrx_word' id='word_1_71' title='bbox 1083 1296 1119 1307; x_wconf 91' lang='lat'><strong>—</strong></span> <span class='ocrx_word' id='word_1_72' title='bbox 1129 1266 1201 1336; x_wconf 83' lang='lat' dir='ltr'><strong>Quae</strong></span> <span class='ocrx_word' id='word_1_73' title='bbox 1214 1267 1297 1322; x_wconf 88' lang='lat' dir='ltr'><strong>turris</strong></span> <span class='ocrx_word' id='word_1_74' title='bbox 1316 1268 1378 1322; x_wconf 90' lang='lat' dir='ltr'><strong>usui</strong></span> <span class='ocrx_word' id='word_1_75' title='bbox 1392 1267 1449 1336; x_wconf 90' lang='lat' dir='ltr'><strong>pri·</strong></span> 
     </span>
     <span class='ocr_line' id='line_1_13' title="bbox 483 1345 1448 1421; baseline -0.006 -16"><span class='ocrx_word' id='word_1_76' title='bbox 483 1351 558 1406; x_wconf 87' lang='lat' dir='ltr'><strong>stino</strong></span> <span class='ocrx_word' id='word_1_77' title='bbox 568 1367 619 1421; x_wconf 90' lang='lat' dir='ltr'><strong>per</strong></span> <span class='ocrx_word' id='word_1_78' title='bbox 632 1349 714 1404; x_wconf 89' lang='lat' dir='ltr'><strong>Pium</strong></span> <span class='ocrx_word' id='word_1_79' title='bbox 725 1347 765 1401; x_wconf 98' lang='lat' dir='ltr'><strong>Vl</strong></span> <span class='ocrx_word' id='word_1_80' title='bbox 780 1349 910 1403; x_wconf 90' lang='lat' dir='ltr'><strong>restituta</strong></span> <span class='ocrx_word' id='word_1_81' title='bbox 923 1349 983 1421; x_wconf 89' lang='lat' dir='ltr'><strong>fuit,</strong></span> <span class='ocrx_word' id='word_1_82' title='bbox 992 1347 1149 1418; x_wconf 89' lang='lat' dir='ltr'><strong>studiisque</strong></span> <span class='ocrx_word' id='word_1_83' title='bbox 1161 1345 1286 1417; x_wconf 89' lang='lat' dir='ltr'><strong>Philippi</strong></span> <span class='ocrx_word' id='word_1_84' title='bbox 1297 1347 1363 1402; x_wconf 92' lang='lat' dir='ltr'><strong>Gilii</strong></span> <span class='ocrx_word' id='word_1_85' title='bbox 1373 1348 1448 1400; x_wconf 88' lang='lat' dir='ltr'><strong>illus·</strong></span> 
     </span>
     <span class='ocr_line' id='line_1_14' title="bbox 483 1425 1447 1498; baseline -0.007 -13"><span class='ocrx_word' id='word_1_86' title='bbox 483 1441 556 1485; x_wconf 90' lang='lat' dir='ltr'><strong>trata</strong></span> <span class='ocrx_word' id='word_1_87' title='bbox 572 1428 629 1484; x_wconf 88' lang='lat'>166.</span> <span class='ocrx_word' id='word_1_88' title='bbox 640 1457 675 1468; x_wconf 89' lang='lat'>-</span> <span class='ocrx_word' id='word_1_89' title='bbox 688 1427 759 1481; x_wconf 89' lang='lat' dir='ltr'><strong>Inde</strong></span> <span class='ocrx_word' id='word_1_90' title='bbox 771 1427 835 1482; x_wconf 84' lang='lat' dir='ltr'><strong>aliae</strong></span> <span class='ocrx_word' id='word_1_91' title='bbox 858 1439 949 1484; x_wconf 90' lang='lat' dir='ltr'><strong>turres</strong></span> <span class='ocrx_word' id='word_1_92' title='bbox 973 1429 1001 1482; x_wconf 92' lang='lat' dir='ltr'><strong>in</strong></span> <span class='ocrx_word' id='word_1_93' title='bbox 1015 1429 1096 1484; x_wconf 88' lang='lat' dir='ltr'><strong>Urbe</strong></span> <span class='ocrx_word' id='word_1_94' title='bbox 1118 1433 1260 1494; x_wconf 86' lang='lat' dir='ltr'><strong>extructae,</strong></span> <span class='ocrx_word' id='word_1_95' title='bbox 1282 1425 1447 1498; x_wconf 87' lang='lat' dir='ltr'><strong>posthabita</strong></span> 
     </span>
     <span class='ocr_line' id='line_1_15' title="bbox 481 1507 1394 1579; baseline -0.001 -17"><span class='ocrx_word' id='word_1_96' title='bbox 481 1509 630 1576; x_wconf 84' lang='lat' dir='ltr'><strong>Vaticana,</strong></span> <span class='ocrx_word' id='word_1_97' title='bbox 652 1515 750 1577; x_wconf 87' lang='lat' dir='ltr'><strong>utpote</strong></span> <span class='ocrx_word' id='word_1_98' title='bbox 772 1507 866 1562; x_wconf 89' lang='lat' dir='ltr'><strong>minus</strong></span> <span class='ocrx_word' id='word_1_99' title='bbox 890 1510 946 1563; x_wconf 86' lang='lat' dir='ltr'><strong>late</strong></span> <span class='ocrx_word' id='word_1_100' title='bbox 967 1519 1181 1579; x_wconf 86' lang='lat' dir='ltr'><strong>quoquoversus</strong></span> <span class='ocrx_word' id='word_1_101' title='bbox 1199 1517 1316 1575; x_wconf 88' lang='lat' dir='ltr'><strong>patente</strong></span> <span class='ocrx_word' id='word_1_102' title='bbox 1337 1507 1394 1572; x_wconf 88' lang='lat'>167.</span> 
     </span>
     <span class='ocr_line' id='line_1_16' title="bbox 482 1583 1445 1654; baseline -0.005 -13"><span class='ocrx_word' id='word_1_103' title='bbox 482 1588 559 1642; x_wconf 87' lang='lat' dir='ltr'><strong>Huic</strong></span> <span class='ocrx_word' id='word_1_104' title='bbox 576 1587 713 1642; x_wconf 88' lang='lat' dir='ltr'><strong>destinari</strong></span> <span class='ocrx_word' id='word_1_105' title='bbox 742 1583 931 1642; x_wconf 89' lang='lat' dir='ltr'><strong>instrumenta</strong></span> <span class='ocrx_word' id='word_1_106' title='bbox 953 1587 1145 1642; x_wconf 86' lang='lat' dir='ltr'><strong>astronomica</strong></span> <span class='ocrx_word' id='word_1_107' title='bbox 1166 1586 1318 1642; x_wconf 84' lang='lat' dir='ltr'><strong>occasione</strong></span> <span class='ocrx_word' id='word_1_108' title='bbox 1339 1584 1445 1654; x_wconf 90' lang='lat' dir='ltr'><strong>jubilaei</strong></span> 
     </span>
     <span class='ocr_line' id='line_1_17' title="bbox 481 1665 1447 1738; baseline -0.006 -16"><span class='ocrx_word' id='word_1_109' title='bbox 481 1667 665 1722; x_wconf 88' lang='lat' dir='ltr'><strong>sacerdotalis</strong></span> <span class='ocrx_word' id='word_1_110' title='bbox 695 1679 815 1738; x_wconf 87' lang='lat' dir='ltr'><strong>accepta</strong></span> <span class='ocrx_word' id='word_1_111' title='bbox 840 1668 955 1737; x_wconf 91' lang='lat' dir='ltr'><strong>placuit,</strong></span> <span class='ocrx_word' id='word_1_112' title='bbox 986 1684 1020 1721; x_wconf 90' lang='lat' dir='ltr'><strong>ac</strong></span> <span class='ocrx_word' id='word_1_113' title='bbox 1046 1665 1128 1736; x_wconf 90' lang='lat' dir='ltr'><strong>proin</strong></span> <span class='ocrx_word' id='word_1_114' title='bbox 1148 1667 1248 1721; x_wconf 88' lang='lat' dir='ltr'><strong>turrim</strong></span> <span class='ocrx_word' id='word_1_115' title='bbox 1276 1665 1447 1721; x_wconf 87' lang='lat' dir='ltr'><strong>Vaticanam</strong></span> 
     </span>
     <span class='ocr_line' id='line_1_18' title="bbox 480 1744 1450 1816; baseline -0.005 -16"><span class='ocrx_word' id='word_1_116' title='bbox 480 1745 676 1800; x_wconf 88' lang='lat' dir='ltr'><strong>instrumentis</strong></span> <span class='ocrx_word' id='word_1_117' title='bbox 700 1747 833 1816; x_wconf 85' lang='lat' dir='ltr'><strong>congruis</strong></span> <span class='ocrx_word' id='word_1_118' title='bbox 861 1745 965 1816; x_wconf 89' lang='lat' dir='ltr'><strong>ornari,</strong></span> <span class='ocrx_word' id='word_1_119' title='bbox 984 1746 1120 1815; x_wconf 90' lang='lat' dir='ltr'><strong>adjuncta</strong></span> <span class='ocrx_word' id='word_1_120' title='bbox 1143 1745 1212 1800; x_wconf 90' lang='lat' dir='ltr'><strong>turri</strong></span> <span class='ocrx_word' id='word_1_121' title='bbox 1233 1744 1450 1816; x_wconf 69' lang='lat' dir='ltr'><strong>propugnandi</strong></span> 
     </span>
     <span class='ocr_line' id='line_1_19' title="bbox 480 1822 1447 1894; baseline -0.005 -13"><span class='ocrx_word' id='word_1_122' title='bbox 480 1828 624 1881; x_wconf 82' lang='lat' dir='ltr'><strong>Leoniam‘</strong></span> <span class='ocrx_word' id='word_1_123' title='bbox 636 1826 693 1894; x_wconf 88' lang='lat'>167.</span> <span class='ocrx_word' id='word_1_124' title='bbox 716 1856 751 1865; x_wconf 95' lang='lat'><em>-</em></span> <span class='ocrx_word' id='word_1_125' title='bbox 774 1826 903 1880; x_wconf 82' lang='lat' dir='ltr'><strong>Pontifex</strong></span> <span class='ocrx_word' id='word_1_126' title='bbox 925 1826 955 1879; x_wconf 90' lang='lat' dir='ltr'><strong>P.</strong></span> <span class='ocrx_word' id='word_1_127' title='bbox 984 1825 1169 1880; x_wconf 84' lang='lat' dir='ltr'><strong>Franciscurn</strong></span> <span class='ocrx_word' id='word_1_128' title='bbox 1195 1826 1293 1878; x_wconf 84' lang='lat' dir='ltr'><strong>Denza</strong></span> <span class='ocrx_word' id='word_1_129' title='bbox 1317 1822 1447 1892; x_wconf 88' lang='lat' dir='ltr'><strong>Collegio</strong></span> 
     </span>
     <span class='ocr_line' id='line_1_20' title="bbox 479 1901 1447 1975; baseline -0.006 -15"><span class='ocrx_word' id='word_1_130' title='bbox 479 1904 671 1960; x_wconf 83' lang='lat' dir='ltr'><strong>astronomico</strong></span> <span class='ocrx_word' id='word_1_131' title='bbox 684 1905 802 1974; x_wconf 85' lang='lat' dir='ltr'><strong>praeiicit</strong></span> <span class='ocrx_word' id='word_1_132' title='bbox 819 1905 875 1960; x_wconf 92' lang='lat'>168.</span> <span class='ocrx_word' id='word_1_133' title='bbox 889 1933 925 1943; x_wconf 92' lang='lat'>-</span> <span class='ocrx_word' id='word_1_134' title='bbox 938 1904 1029 1973; x_wconf 85' lang='lat' dir='ltr'><strong>Leges</strong></span> <span class='ocrx_word' id='word_1_135' title='bbox 1042 1904 1124 1972; x_wconf 88' lang='lat' dir='ltr'><strong>latas,</strong></span> <span class='ocrx_word' id='word_1_136' title='bbox 1137 1915 1223 1975; x_wconf 90' lang='lat' dir='ltr'><strong>atque</strong></span> <span class='ocrx_word' id='word_1_137' title='bbox 1239 1901 1389 1958; x_wconf 89' lang='lat' dir='ltr'><strong>concilium</strong></span> <span class='ocrx_word' id='word_1_138' title='bbox 1402 1903 1447 1954; x_wconf 90' lang='lat' dir='ltr'><strong>in·</strong></span> 
     </span>
     <span class='ocr_line' id='line_1_21' title="bbox 478 1979 1444 2040; baseline -0.004 -1"><span class='ocrx_word' id='word_1_139' title='bbox 478 1985 609 2040; x_wconf 87' lang='lat' dir='ltr'><strong>stitutum</strong></span> <span class='ocrx_word' id='word_1_140' title='bbox 622 1985 702 2039; x_wconf 90' lang='lat' dir='ltr'><strong>hisce</strong></span> <span class='ocrx_word' id='word_1_141' title='bbox 714 1983 814 2040; x_wconf 90' lang='lat' dir='ltr'><strong>litteris</strong></span> <span class='ocrx_word' id='word_1_142' title='bbox 828 1983 978 2038; x_wconf 87' lang='lat' dir='ltr'><strong>confirmat</strong></span> <span class='ocrx_word' id='word_1_143' title='bbox 994 1983 1050 2038; x_wconf 88' lang='lat'>168.</span> <span class='ocrx_word' id='word_1_144' title='bbox 1066 2014 1098 2024; x_wconf 85' lang='lat'>—</span> <span class='ocrx_word' id='word_1_145' title='bbox 1113 1985 1227 2039; x_wconf 88' lang='lat' dir='ltr'><strong>Partem</strong></span> <span class='ocrx_word' id='word_1_146' title='bbox 1239 1979 1444 2038; x_wconf 88' lang='lat' dir='ltr'><strong>munificentia-</strong></span> 
     </span>
     <span class='ocr_line' id='line_1_22' title="bbox 478 2061 1445 2134; baseline -0.005 -15"><span class='ocrx_word' id='word_1_147' title='bbox 478 2081 541 2119; x_wconf 85' lang='lat' dir='ltr'><strong>rum</strong></span> <span class='ocrx_word' id='word_1_148' title='bbox 550 2064 657 2134; x_wconf 84' lang='lat' dir='ltr'><strong>jubilaei</strong></span> <span class='ocrx_word' id='word_1_149' title='bbox 668 2063 853 2119; x_wconf 89' lang='lat' dir='ltr'><strong>sacerdotalis</strong></span> <span class='ocrx_word' id='word_1_150' title='bbox 866 2063 993 2118; x_wconf 89' lang='lat' dir='ltr'><strong>attribuit</strong></span> <span class='ocrx_word' id='word_1_151' title='bbox 1006 2063 1073 2118; x_wconf 89' lang='lat' dir='ltr'><strong>huic</strong></span> <span class='ocrx_word' id='word_1_152' title='bbox 1085 2063 1172 2134; x_wconf 92' lang='lat' dir='ltr'><strong>operi,</strong></span> <span class='ocrx_word' id='word_1_153' title='bbox 1182 2063 1317 2134; x_wconf 90' lang='lat' dir='ltr'><strong>quoddiu</strong></span> <span class='ocrx_word' id='word_1_154' title='bbox 1330 2061 1358 2116; x_wconf 90' lang='lat' dir='ltr'><strong>in</strong></span> <span class='ocrx_word' id='word_1_155' title='bbox 1368 2061 1445 2116; x_wconf 87' lang='lat' dir='ltr'><strong>votis</strong></span> 
     </span>
     <span class='ocr_line' id='line_1_23' title="bbox 482 2145 616 2199; baseline -0.007 0"><span class='ocrx_word' id='word_1_156' title='bbox 482 2145 616 2199; x_wconf 89' lang='lat' dir='ltr'><strong>habebat.</strong></span> 
     </span>
    </p>
   </div>
   <div class='ocr_carea' id='block_1_5' title="bbox 410 2241 1444 2398">
    <p class='ocr_par' dir='ltr' id='par_1_5' title="bbox 410 2241 1444 2398">
     <span class='ocr_line' id='line_1_24' title="bbox 444 2241 1444 2305; baseline -0.006 -7"><span class='ocrx_word' id='word_1_157' title='bbox 444 2247 498 2298; x_wconf 80' lang='lat'><strong>45.</strong></span> <span class='ocrx_word' id='word_1_158' title='bbox 520 2245 727 2297; x_wconf 79' lang='lat' dir='ltr'><strong>EPISTOLA</strong></span> <span class='ocrx_word' id='word_1_159' title='bbox 741 2246 783 2295; x_wconf 85' lang='lat' dir='ltr'><strong>ad</strong></span> <span class='ocrx_word' id='word_1_160' title='bbox 798 2244 1008 2295; x_wconf 76' lang='lat' dir='ltr'><strong>cardinalem</strong></span> <span class='ocrx_word' id='word_1_161' title='bbox 1034 2243 1190 2304; x_wconf 81' lang='lat' dir='ltr'><strong>Richard,</strong></span> <span class='ocrx_word' id='word_1_162' title='bbox 1216 2241 1444 2305; x_wconf 82' lang='lat' dir='ltr'><strong>Archleplsco-</strong></span> 
     </span>
     <span class='ocr_line' id='line_1_25' title="bbox 410 2330 1442 2398; baseline -0.004 -14"><span class='ocrx_word' id='word_1_163' title='bbox 410 2347 492 2398; x_wconf 84' lang='lat' dir='ltr'><strong>pum</strong></span> <span class='ocrx_word' id='word_1_164' title='bbox 506 2333 724 2384; x_wconf 83' lang='lat' dir='ltr'><strong>Parlslensem</strong></span> <span class='ocrx_word' id='word_1_165' title='bbox 738 2333 778 2382; x_wconf 90' lang='lat' dir='ltr'><strong>de</strong></span> <span class='ocrx_word' id='word_1_166' title='bbox 796 2333 899 2381; x_wconf 88' lang='lat' dir='ltr'><strong>altero</strong></span> <span class='ocrx_word' id='word_1_167' title='bbox 918 2330 1091 2381; x_wconf 83' lang='lat' dir='ltr'><strong>doctorum</strong></span> <span class='ocrx_word' id='word_1_168' title='bbox 1110 2333 1259 2382; x_wconf 78' lang='lat' dir='ltr'><strong>virorum</strong></span> <span class='ocrx_word' id='word_1_169' title='bbox 1278 2335 1442 2380; x_wconf 81' lang='lat' dir='ltr'><strong>conventu</strong></span> 
     </span>
    </p>
   </div>
   <div class='ocr_carea' id='block_1_6' title="bbox 411 2419 1526 2480">
    <p class='ocr_par' dir='ltr' id='par_1_6' title="bbox 411 2419 1526 2480">
     <span class='ocr_line' id='line_1_26' title="bbox 411 2419 1526 2480; baseline -0.004 -9"><span class='ocrx_word' id='word_1_170' title='bbox 411 2421 547 2473; x_wconf 83' lang='lat' dir='ltr'><strong>Parisiis</strong></span> <span class='ocrx_word' id='word_1_171' title='bbox 565 2419 1088 2470; x_wconf 81' lang='lat' dir='ltr'><strong>habendo.-16mart111891...</strong></span> <span class='ocrx_word' id='word_1_172' title='bbox 1470 2429 1526 2480; x_wconf 92' lang='grc' dir='ltr'><strong>17ο</strong></span> 
     </span>
    </p>
   </div>
   <div class='ocr_carea' id='block_1_7' title="bbox 480 2526 1462 2834">
    <p class='ocr_par' dir='ltr' id='par_1_7' title="bbox 480 2526 1462 2834">
     <span class='ocr_line' id='line_1_27' title="bbox 515 2526 1444 2598; baseline -0.001 -16"><span class='ocrx_word' id='word_1_173' title='bbox 515 2529 603 2583; x_wconf 92' lang='lat' dir='ltr'><strong>Grate</strong></span> <span class='ocrx_word' id='word_1_174' title='bbox 613 2527 743 2583; x_wconf 88' lang='lat' dir='ltr'><strong>Pontifex</strong></span> <span class='ocrx_word' id='word_1_175' title='bbox 751 2527 882 2582; x_wconf 88' lang='lat' dir='ltr'><strong>nuntium</strong></span> <span class='ocrx_word' id='word_1_176' title='bbox 891 2526 1018 2598; x_wconf 88' lang='lat' dir='ltr'><strong>proxime</strong></span> <span class='ocrx_word' id='word_1_177' title='bbox 1027 2526 1152 2582; x_wconf 89' lang='lat' dir='ltr'><strong>habendi</strong></span> <span class='ocrx_word' id='word_1_178' title='bbox 1162 2527 1277 2582; x_wconf 90' lang='lat' dir='ltr'><strong>alterius</strong></span> <span class='ocrx_word' id='word_1_179' title='bbox 1287 2543 1444 2582; x_wconf 88' lang='lat' dir='ltr'><strong>conventus</strong></span> 
     </span>
     <span class='ocr_line' id='line_1_28' title="bbox 480 2606 1462 2680; baseline 0.001 -20"><span class='ocrx_word' id='word_1_180' title='bbox 480 2607 590 2675; x_wconf 87' lang='lat' dir='ltr'><strong>accepit</strong></span> <span class='ocrx_word' id='word_1_181' title='bbox 612 2620 669 2672; x_wconf 88' lang='lat'>170.</span> <span class='ocrx_word' id='word_1_182' title='bbox 694 2634 730 2644; x_wconf 90' lang='lat'>-</span> <span class='ocrx_word' id='word_1_183' title='bbox 744 2606 990 2677; x_wconf 89' lang='lat' dir='ltr'><strong>Peropportunum</strong></span> <span class='ocrx_word' id='word_1_184' title='bbox 1013 2617 1043 2660; x_wconf 90' lang='lat' dir='ltr'><strong>ut</strong></span> <span class='ocrx_word' id='word_1_185' title='bbox 1061 2607 1157 2677; x_wconf 83' lang='lat' dir='ltr'><strong>impiae</strong></span> <span class='ocrx_word' id='word_1_186' title='bbox 1179 2607 1306 2662; x_wconf 85' lang='lat' dir='ltr'><strong>scientiae</strong></span> <span class='ocrx_word' id='word_1_187' title='bbox 1325 2617 1462 2680; x_wconf 42' lang='lat' dir='ltr'><strong>conatus·</strong></span> 
     </span>
     <span class='ocr_line' id='line_1_29' title="bbox 482 2683 1445 2759; baseline 0.004 -21"><span class='ocrx_word' id='word_1_188' title='bbox 482 2684 581 2739; x_wconf 88' lang='lat' dir='ltr'><strong>solidae</strong></span> <span class='ocrx_word' id='word_1_189' title='bbox 600 2683 725 2738; x_wconf 88' lang='lat' dir='ltr'><strong>veritatis</strong></span> <span class='ocrx_word' id='word_1_190' title='bbox 742 2685 880 2740; x_wconf 88' lang='lat' dir='ltr'><strong>instructu</strong></span> <span class='ocrx_word' id='word_1_191' title='bbox 894 2687 1067 2756; x_wconf 86' lang='lat' dir='ltr'><strong>repellantur</strong></span> <span class='ocrx_word' id='word_1_192' title='bbox 1082 2700 1139 2753; x_wconf 91' lang='lat'>170.</span> <span class='ocrx_word' id='word_1_193' title='bbox 1149 2717 1184 2727; x_wconf 91' lang='lat'><strong>·-</strong></span> <span class='ocrx_word' id='word_1_194' title='bbox 1195 2688 1362 2744; x_wconf 85' lang='lat' dir='ltr'><strong>Benedictio</strong></span> <span class='ocrx_word' id='word_1_195' title='bbox 1375 2705 1445 2759; x_wconf 89' lang='lat' dir='ltr'><strong>apo·</strong></span> 
     </span>
     <span class='ocr_line' id='line_1_30' title="bbox 481 2763 1021 2834; baseline 0 -16"><span class='ocrx_word' id='word_1_196' title='bbox 481 2764 583 2820; x_wconf 89' lang='lat' dir='ltr'><strong>stolica</strong></span> <span class='ocrx_word' id='word_1_197' title='bbox 595 2763 777 2818; x_wconf 88' lang='lat' dir='ltr'><strong>conventuris</strong></span> <span class='ocrx_word' id='word_1_198' title='bbox 790 2763 949 2834; x_wconf 89' lang='lat' dir='ltr'><strong>impertitur</strong></span> <span class='ocrx_word' id='word_1_199' title='bbox 964 2777 1021 2831; x_wconf 87' lang='lat'>171.</span> 
     </span>
    </p>
   </div>
   <div class='ocr_carea' id='block_1_8' title="bbox 409 2877 1519 3118">
    <p class='ocr_par' dir='ltr' id='par_1_8' title="bbox 409 2877 1519 3118">
     <span class='ocr_line' id='line_1_31' title="bbox 443 2877 1443 2940; baseline 0.002 -11"><span class='ocrx_word' id='word_1_200' title='bbox 443 2879 498 2929; x_wconf 81' lang='lat'><strong>46.</strong></span> <span class='ocrx_word' id='word_1_201' title='bbox 520 2877 729 2929; x_wconf 78' lang='lat' dir='ltr'><strong>EPISTOLA</strong></span> <span class='ocrx_word' id='word_1_202' title='bbox 746 2877 789 2927; x_wconf 86' lang='lat' dir='ltr'><strong>ad</strong></span> <span class='ocrx_word' id='word_1_203' title='bbox 807 2877 968 2928; x_wconf 86' lang='lat' dir='ltr'><strong>Comitem</strong></span> <span class='ocrx_word' id='word_1_204' title='bbox 990 2878 1031 2926; x_wconf 88' lang='lat' dir='ltr'><strong>de</strong></span> <span class='ocrx_word' id='word_1_205' title='bbox 1053 2879 1254 2940; x_wconf 83' lang='lat' dir='ltr'><strong>Ballestrem,</strong></span> <span class='ocrx_word' id='word_1_206' title='bbox 1281 2883 1443 2933; x_wconf 81' lang='lat' dir='ltr'><strong>Beronem</strong></span> 
     </span>
     <span class='ocr_line' id='line_1_32' title="bbox 410 2964 1445 3026; baseline 0.005 -13"><span class='ocrx_word' id='word_1_207' title='bbox 410 2965 600 3014; x_wconf 83' lang='lat' dir='ltr'><strong>Heermann</strong></span> <span class='ocrx_word' id='word_1_208' title='bbox 614 2969 646 3016; x_wconf 83' lang='lat' dir='ltr'><strong>et</strong></span> <span class='ocrx_word' id='word_1_209' title='bbox 657 2964 817 3015; x_wconf 87' lang='lat' dir='ltr'><strong>Comitem</strong></span> <span class='ocrx_word' id='word_1_210' title='bbox 828 2964 869 3013; x_wconf 87' lang='lat' dir='ltr'><strong>de</strong></span> <span class='ocrx_word' id='word_1_211' title='bbox 882 2965 1041 3026; x_wconf 75' lang='lat' dir='ltr'><strong>Preyslng</strong></span> <span class='ocrx_word' id='word_1_212' title='bbox 1054 2965 1094 3014; x_wconf 85' lang='lat' dir='ltr'><strong>da</strong></span> <span class='ocrx_word' id='word_1_213' title='bbox 1106 2966 1265 3017; x_wconf 87' lang='lat' dir='ltr'><strong>laudibus</strong></span> <span class='ocrx_word' id='word_1_214' title='bbox 1285 2969 1445 3018; x_wconf 80' lang='lat' dir='ltr'><strong>Ludovlcl</strong></span> 
     </span>
     <span class='ocr_line' id='line_1_33' title="bbox 409 3051 1519 3118; baseline 0.005 -18"><span class='ocrx_word' id='word_1_215' title='bbox 409 3051 940 3102; x_wconf 76' lang='lat' dir='ltr'><strong>wmotnorst-lemart111891</strong></span> <span class='ocrx_word' id='word_1_216' title='bbox 1467 3067 1519 3118; x_wconf 83' lang='lat'><strong>172</strong></span> 
     </span>
    </p>
   </div>
   <div class='ocr_carea' id='block_1_9' title="bbox 477 3121 1446 3670">
    <p class='ocr_par' dir='ltr' id='par_1_9' title="bbox 477 3121 1446 3670">
     <span class='ocr_line' id='line_1_34' title="bbox 514 3121 1446 3202; baseline 0.005 -6"><span class='ocrx_word' id='word_1_217' title='bbox 514 3144 618 3197; x_wconf 90' lang='lat' dir='ltr'><strong>Probat</strong></span> <span class='ocrx_word' id='word_1_218' title='bbox 633 3141 762 3197; x_wconf 82' lang='lat' dir='ltr'><strong>Pontifex</strong></span> <span class='ocrx_word' id='word_1_219' title='bbox 783 3142 947 3196; x_wconf 85' lang='lat' dir='ltr'><strong>unanimem</strong></span> <span class='ocrx_word' id='word_1_220' title='bbox 964 3143 1170 3197; x_wconf 84' lang='lat' dir='ltr'><strong>catholicorum</strong></span> <span class='ocrx_word' id='word_1_221' title='bbox 1190 3146 1297 3199; x_wconf 89' lang='lat' dir='ltr'><strong>luctum</strong></span> <span class='ocrx_word' id='word_1_222' title='bbox 1310 3121 1346 3201; x_wconf 66' lang='lat' dir='ltr'><strong>d¹e</strong></span> <span class='ocrx_word' id='word_1_223' title='bbox 1363 3148 1446 3202; x_wconf 91' lang='lat' dir='ltr'><strong>obitu</strong></span> 
     </span>
     <span class='ocr_line' id='line_1_35' title="bbox 477 3219 1445 3292; baseline 0.003 -16"><span class='ocrx_word' id='word_1_224' title='bbox 477 3219 644 3292; x_wconf 87' lang='lat' dir='ltr'><strong>perillustris</strong></span> <span class='ocrx_word' id='word_1_225' title='bbox 657 3238 690 3276; x_wconf 87' lang='lat' dir='ltr'><strong>ac</strong></span> <span class='ocrx_word' id='word_1_226' title='bbox 710 3219 883 3275; x_wconf 88' lang='lat' dir='ltr'><strong>meritissimi</strong></span> <span class='ocrx_word' id='word_1_227' title='bbox 904 3220 957 3274; x_wconf 90' lang='lat' dir='ltr'><strong>viri</strong></span> <span class='ocrx_word' id='word_1_228' title='bbox 982 3220 1118 3275; x_wconf 89' lang='lat' dir='ltr'><strong>Ludovici</strong></span> <span class='ocrx_word' id='word_1_229' title='bbox 1135 3223 1389 3291; x_wconf 87' lang='lat' dir='ltr'><strong>Windthorst172.</strong></span> <span class='ocrx_word' id='word_1_230' title='bbox 1409 3254 1445 3264; x_wconf 93' lang='lat'><em>-</em></span> 
     </span>
     <span class='ocr_line' id='line_1_36' title="bbox 480 3299 1446 3370; baseline 0.002 -14"><span class='ocrx_word' id='word_1_231' title='bbox 480 3300 591 3356; x_wconf 88' lang='lat' dir='ltr'><strong>Laudes</strong></span> <span class='ocrx_word' id='word_1_232' title='bbox 604 3299 729 3354; x_wconf 81' lang='lat' dir='ltr'><strong>defuncti</strong></span> <span class='ocrx_word' id='word_1_233' title='bbox 741 3300 803 3355; x_wconf 89' lang='lat' dir='ltr'><strong>fuse</strong></span> <span class='ocrx_word' id='word_1_234' title='bbox 822 3317 855 3354; x_wconf 89' lang='lat' dir='ltr'><strong>ac</strong></span> <span class='ocrx_word' id='word_1_235' title='bbox 869 3299 975 3354; x_wconf 86' lang='lat' dir='ltr'><strong>diserte</strong></span> <span class='ocrx_word' id='word_1_236' title='bbox 995 3299 1120 3354; x_wconf 87' lang='lat' dir='ltr'><strong>celebrat</strong></span> <span class='ocrx_word' id='word_1_237' title='bbox 1136 3311 1192 3366; x_wconf 78' lang='lat'>172.</span> <span class='ocrx_word' id='word_1_238' title='bbox 1206 3305 1346 3370; x_wconf 85' lang='lat' dir='ltr'><strong>—Quem</strong></span> <span class='ocrx_word' id='word_1_239' title='bbox 1365 3318 1446 3359; x_wconf 88' lang='lat' dir='ltr'><strong>mors</strong></span> 
     </span>
     <span class='ocr_line' id='line_1_37' title="bbox 477 3378 1443 3448; baseline 0.004 -16"><span class='ocrx_word' id='word_1_240' title='bbox 477 3378 636 3448; x_wconf 86' lang='lat' dir='ltr'><strong>insignibus</strong></span> <span class='ocrx_word' id='word_1_241' title='bbox 655 3378 709 3448; x_wconf 92' lang='lat' dir='ltr'><strong>ipsi</strong></span> <span class='ocrx_word' id='word_1_242' title='bbox 723 3378 872 3433; x_wconf 89' lang='lat' dir='ltr'><strong>destinatis</strong></span> <span class='ocrx_word' id='word_1_243' title='bbox 886 3378 996 3448; x_wconf 91' lang='lat' dir='ltr'><strong>eripuit,</strong></span> <span class='ocrx_word' id='word_1_244' title='bbox 1011 3390 1106 3448; x_wconf 88' lang='lat' dir='ltr'><strong>sperat</strong></span> <span class='ocrx_word' id='word_1_245' title='bbox 1129 3381 1259 3436; x_wconf 87' lang='lat' dir='ltr'><strong>Pontifex</strong></span> <span class='ocrx_word' id='word_1_246' title='bbox 1276 3383 1304 3436; x_wconf 92' lang='lat' dir='ltr'><strong>in</strong></span> <span class='ocrx_word' id='word_1_247' title='bbox 1325 3381 1443 3436; x_wconf 89' lang='lat' dir='ltr'><strong>sedibus</strong></span> 
     </span>
     <span class='ocr_line' id='line_1_38' title="bbox 478 3456 1443 3531; baseline 0.004 -19"><span class='ocrx_word' id='word_1_248' title='bbox 478 3456 607 3528; x_wconf 89' lang='lat' dir='ltr'><strong>supernis</strong></span> <span class='ocrx_word' id='word_1_249' title='bbox 617 3457 747 3526; x_wconf 87' lang='lat' dir='ltr'><strong>ampliori</strong></span> <span class='ocrx_word' id='word_1_250' title='bbox 757 3457 875 3526; x_wconf 90' lang='lat' dir='ltr'><strong>praemio</strong></span> <span class='ocrx_word' id='word_1_251' title='bbox 885 3467 1018 3512; x_wconf 84' lang='lat' dir='ltr'><strong>ornatum</strong></span> <span class='ocrx_word' id='word_1_252' title='bbox 1031 3473 1154 3528; x_wconf 80' lang='lat'><strong>¹72·¹7³·</strong></span> <span class='ocrx_word' id='word_1_253' title='bbox 1163 3489 1198 3500; x_wconf 91' lang='lat'><em>-</em></span> <span class='ocrx_word' id='word_1_254' title='bbox 1206 3461 1307 3531; x_wconf 86' lang='lat' dir='ltr'><strong>Sperat</strong></span> <span class='ocrx_word' id='word_1_255' title='bbox 1317 3460 1443 3516; x_wconf 87' lang='lat' dir='ltr'><strong>illustres</strong></span> 
     </span>
     <span class='ocr_line' id='line_1_39' title="bbox 477 3535 1442 3611; baseline 0.003 -20"><span class='ocrx_word' id='word_1_256' title='bbox 477 3537 562 3604; x_wconf 87' lang='lat' dir='ltr'><strong>viros,</strong></span> <span class='ocrx_word' id='word_1_257' title='bbox 575 3535 699 3590; x_wconf 89' lang='lat' dir='ltr'><strong>defuncti</strong></span> <span class='ocrx_word' id='word_1_258' title='bbox 714 3536 795 3591; x_wconf 90' lang='lat' dir='ltr'><strong>ducis</strong></span> <span class='ocrx_word' id='word_1_259' title='bbox 807 3551 959 3604; x_wconf 88' lang='lat' dir='ltr'><strong>memores,</strong></span> <span class='ocrx_word' id='word_1_260' title='bbox 978 3537 1114 3592; x_wconf 86' lang='lat' dir='ltr'><strong>concordi</strong></span> <span class='ocrx_word' id='word_1_261' title='bbox 1134 3537 1230 3593; x_wconf 89' lang='lat' dir='ltr'><strong>auimo</strong></span> <span class='ocrx_word' id='word_1_262' title='bbox 1250 3539 1340 3610; x_wconf 90' lang='lat' dir='ltr'><strong>ipsius</strong></span> <span class='ocrx_word' id='word_1_263' title='bbox 1360 3541 1442 3611; x_wconf 88' lang='lat' dir='ltr'><strong>operi</strong></span> 
     </span>
     <span class='ocr_line' id='line_1_40' title="bbox 479 3615 703 3670; baseline -0.013 0"><span class='ocrx_word' id='word_1_264' title='bbox 479 3633 537 3670; x_wconf 89' lang='lat' dir='ltr'><strong>non</strong></span> <span class='ocrx_word' id='word_1_265' title='bbox 550 3615 703 3669; x_wconf 90' lang='lat' dir='ltr'><strong>defuturos.</strong></span> 
     </span>
    </p>
   </div>
   <div class='ocr_carea' id='block_1_10' title="bbox 404 3712 1520 3958">
    <p class='ocr_par' dir='ltr' id='par_1_10' title="bbox 404 3712 1520 3958">
     <span class='ocr_line' id='line_1_41' title="bbox 441 3712 1447 3780; baseline 0.002 -14"><span class='ocrx_word' id='word_1_266' title='bbox 441 3716 496 3766; x_wconf 81' lang='lat'><strong>41.</strong></span> <span class='ocrx_word' id='word_1_267' title='bbox 518 3714 724 3765; x_wconf 79' lang='lat' dir='ltr'><strong>EPISTOLA</strong></span> <span class='ocrx_word' id='word_1_268' title='bbox 738 3715 780 3764; x_wconf 89' lang='lat' dir='ltr'><strong>ad</strong></span> <span class='ocrx_word' id='word_1_269' title='bbox 803 3712 1013 3764; x_wconf 85' lang='lat' dir='ltr'><strong>Cardlnalem</strong></span> <span class='ocrx_word' id='word_1_270' title='bbox 1034 3715 1190 3776; x_wconf 85' lang='lat' dir='ltr'><strong>Richard,</strong></span> <span class='ocrx_word' id='word_1_271' title='bbox 1213 3716 1447 3780; x_wconf 82' lang='lat' dir='ltr'><strong>Archlepiseo·</strong></span> 
     </span>
     <span class='ocr_line' id='line_1_42' title="bbox 406 3801 1445 3867; baseline -0.001 -12"><span class='ocrx_word' id='word_1_272' title='bbox 406 3816 489 3867; x_wconf 84' lang='lat' dir='ltr'><strong>pum</strong></span> <span class='ocrx_word' id='word_1_273' title='bbox 503 3805 720 3853; x_wconf 86' lang='lat' dir='ltr'><strong>Parlslensem</strong></span> <span class='ocrx_word' id='word_1_274' title='bbox 734 3803 773 3851; x_wconf 90' lang='lat' dir='ltr'><strong>de</strong></span> <span class='ocrx_word' id='word_1_275' title='bbox 794 3803 935 3852; x_wconf 86' lang='lat' dir='ltr'><strong>Basilica</strong></span> <span class='ocrx_word' id='word_1_276' title='bbox 955 3804 1004 3853; x_wconf 90' lang='lat' dir='ltr'><strong>SS.</strong></span> <span class='ocrx_word' id='word_1_277' title='bbox 1030 3801 1150 3862; x_wconf 82' lang='lat' dir='ltr'><strong>cordis,</strong></span> <span class='ocrx_word' id='word_1_278' title='bbox 1173 3805 1280 3866; x_wconf 87' lang='lat' dir='ltr'><strong>deque</strong></span> <span class='ocrx_word' id='word_1_279' title='bbox 1300 3805 1445 3855; x_wconf 85' lang='lat' dir='ltr'><strong>Concor·-</strong></span> 
     </span>
     <span class='ocr_line' id='line_1_43' title="bbox 404 3890 1520 3958; baseline 0 -18"><span class='ocrx_word' id='word_1_280' title='bbox 404 3890 731 3944; x_wconf 86' lang='lat' dir='ltr'><strong>dta.—5malll89l</strong></span> <span class='ocrx_word' id='word_1_281' title='bbox 1467 3905 1520 3958; x_wconf 80' lang='lat'><strong>¹7⁴</strong></span> 
     </span>
    </p>
   </div>
   <div class='ocr_carea' id='block_1_11' title="bbox 471 3980 1443 4370">
    <p class='ocr_par' dir='ltr' id='par_1_11' title="bbox 471 3980 1443 4370">
     <span class='ocr_line' id='line_1_44' title="bbox 511 3980 1443 4050; baseline 0 -12"><span class='ocrx_word' id='word_1_282' title='bbox 511 3984 635 4038; x_wconf 88' lang='lat' dir='ltr'><strong>Laetatur</strong></span> <span class='ocrx_word' id='word_1_283' title='bbox 646 3981 774 4036; x_wconf 91' lang='lat' dir='ltr'><strong>Pontifex</strong></span> <span class='ocrx_word' id='word_1_284' title='bbox 787 3981 823 4035; x_wconf 91' lang='lat' dir='ltr'><strong>de</strong></span> <span class='ocrx_word' id='word_1_285' title='bbox 834 3980 962 4050; x_wconf 88' lang='lat' dir='ltr'><strong>proxima</strong></span> <span class='ocrx_word' id='word_1_286' title='bbox 975 3981 1155 4036; x_wconf 89' lang='lat' dir='ltr'><strong>dedicatione</strong></span> <span class='ocrx_word' id='word_1_287' title='bbox 1167 3983 1292 4037; x_wconf 83' lang='lat' dir='ltr'><strong>basilicae</strong></span> <span class='ocrx_word' id='word_1_288' title='bbox 1303 3983 1354 4037; x_wconf 86' lang='lat' dir='ltr'><strong>SS.</strong></span> <span class='ocrx_word' id='word_1_289' title='bbox 1368 3984 1443 4038; x_wconf 89' lang='lat' dir='ltr'><strong>Cor-</strong></span> 
     </span>
     <span class='ocr_line' id='line_1_45' title="bbox 473 4061 1442 4133; baseline -0.001 -15"><span class='ocrx_word' id='word_1_290' title='bbox 473 4063 503 4118; x_wconf 91' lang='lat' dir='ltr'><strong>di</strong></span> <span class='ocrx_word' id='word_1_291' title='bbox 516 4063 544 4117; x_wconf 91' lang='lat' dir='ltr'><strong>in</strong></span> <span class='ocrx_word' id='word_1_292' title='bbox 566 4070 663 4116; x_wconf 89' lang='lat' dir='ltr'><strong>monte</strong></span> <span class='ocrx_word' id='word_1_293' title='bbox 686 4061 845 4130; x_wconf 89' lang='lat' dir='ltr'><strong>Martyrum</strong></span> <span class='ocrx_word' id='word_1_294' title='bbox 867 4069 1004 4115; x_wconf 87' lang='lat' dir='ltr'><strong>extructae</strong></span> <span class='ocrx_word' id='word_1_295' title='bbox 1021 4075 1077 4127; x_wconf 89' lang='lat'>174.</span> <span class='ocrx_word' id='word_1_296' title='bbox 1090 4091 1126 4101; x_wconf 92' lang='lat'><em>-</em></span> <span class='ocrx_word' id='word_1_297' title='bbox 1144 4061 1332 4133; x_wconf 89' lang='lat' dir='ltr'><strong>Multiplicem</strong></span> <span class='ocrx_word' id='word_1_298' title='bbox 1353 4061 1442 4117; x_wconf 87' lang='lat' dir='ltr'><strong>ratio·</strong></span> 
     </span>
     <span class='ocr_line' id='line_1_46' title="bbox 473 4139 1440 4210; baseline 0.001 -14"><span class='ocrx_word' id='word_1_299' title='bbox 473 4159 540 4196; x_wconf 93' lang='lat' dir='ltr'><strong>nem</strong></span> <span class='ocrx_word' id='word_1_300' title='bbox 553 4141 624 4196; x_wconf 89' lang='lat' dir='ltr'><strong>tanti</strong></span> <span class='ocrx_word' id='word_1_301' title='bbox 637 4141 733 4208; x_wconf 88' lang='lat' dir='ltr'><strong>gaudii</strong></span> <span class='ocrx_word' id='word_1_302' title='bbox 746 4139 837 4210; x_wconf 87' lang='lat' dir='ltr'><strong>aperit</strong></span> <span class='ocrx_word' id='word_1_303' title='bbox 853 4153 911 4205; x_wconf 85' lang='lat'>174.</span> <span class='ocrx_word' id='word_1_304' title='bbox 924 4169 960 4178; x_wconf 97' lang='lat'><em>-</em></span> <span class='ocrx_word' id='word_1_305' title='bbox 974 4139 1094 4194; x_wconf 90' lang='lat' dir='ltr'><strong>Utinam</strong></span> <span class='ocrx_word' id='word_1_306' title='bbox 1110 4141 1243 4195; x_wconf 89' lang='lat' dir='ltr'><strong>catholici</strong></span> <span class='ocrx_word' id='word_1_307' title='bbox 1258 4140 1341 4210; x_wconf 85' lang='lat' dir='ltr'><strong>Galli,</strong></span> <span class='ocrx_word' id='word_1_308' title='bbox 1354 4141 1440 4197; x_wconf 87' lang='lat' dir='ltr'><strong>sicuti</strong></span> 
     </span>
     <span class='ocr_line' id='line_1_47' title="bbox 474 4219 1441 4291; baseline 0.001 -16"><span class='ocrx_word' id='word_1_309' title='bbox 474 4222 511 4276; x_wconf 92' lang='lat' dir='ltr'><strong>ad</strong></span> <span class='ocrx_word' id='word_1_310' title='bbox 536 4219 734 4274; x_wconf 76' lang='lat' dir='ltr'><strong>redificandum</strong></span> <span class='ocrx_word' id='word_1_311' title='bbox 758 4219 814 4273; x_wconf 92' lang='lat' dir='ltr'><strong>hoc</strong></span> <span class='ocrx_word' id='word_1_312' title='bbox 839 4219 985 4288; x_wconf 88' lang='lat' dir='ltr'><strong>templum,</strong></span> <span class='ocrx_word' id='word_1_313' title='bbox 1012 4219 1052 4273; x_wconf 89' lang='lat' dir='ltr'><strong>ita</strong></span> <span class='ocrx_word' id='word_1_314' title='bbox 1073 4221 1110 4275; x_wconf 92' lang='lat' dir='ltr'><strong>ad</strong></span> <span class='ocrx_word' id='word_1_315' title='bbox 1134 4219 1300 4290; x_wconf 84' lang='lat' dir='ltr'><strong>religionem</strong></span> <span class='ocrx_word' id='word_1_316' title='bbox 1321 4221 1441 4291; x_wconf 90' lang='lat' dir='ltr'><strong>publice</strong></span> 
     </span>
     <span class='ocr_line' id='line_1_48' title="bbox 471 4295 1437 4370; baseline 0.003 -16"><span class='ocrx_word' id='word_1_317' title='bbox 471 4299 607 4354; x_wconf 89' lang='lat' dir='ltr'><strong>tuendam</strong></span> <span class='ocrx_word' id='word_1_318' title='bbox 620 4297 776 4352; x_wconf 89' lang='lat' dir='ltr'><strong>concordes</strong></span> <span class='ocrx_word' id='word_1_319' title='bbox 793 4295 916 4351; x_wconf 87' lang='lat' dir='ltr'><strong>existant</strong></span> <span class='ocrx_word' id='word_1_320' title='bbox 941 4310 1068 4366; x_wconf 85' lang='lat'>174-175.</span> <span class='ocrx_word' id='word_1_321' title='bbox 1083 4327 1116 4339; x_wconf 90' lang='lat'>-</span> <span class='ocrx_word' id='word_1_322' title='bbox 1134 4299 1329 4370; x_wconf 86' lang='lat' dir='ltr'><strong>Indulgentias</strong></span> <span class='ocrx_word' id='word_1_323' title='bbox 1351 4316 1437 4356; x_wconf 85' lang='lat' dir='ltr'><strong>occa·</strong></span> 
     </span>
    </p>
   </div>
   <div class='ocr_carea' id='block_1_12' title="bbox 0 0 1680 4921">
    <p class='ocr_par' dir='ltr' id='par_1_12' title="bbox 0 0 1680 4921">
     <span class='ocr_line' id='line_1_49' title="bbox 0 0 1680 4921; baseline 0 0"><span class='ocrx_word' id='word_1_324' title='bbox 0 0 1680 4921; x_wconf 95' lang='lat' dir='ltr'><strong> </strong></span> 
     </span>
    </p>
   </div>
  </div>
 </body>
</html>
