3354 4938
300 307 352 356 AD
370 305 604 358 ARCHIEPISC.
625 305 673 356 ET
692 303 807 356 EPISC.
827 304 975 354 IMPERII
993 301 1205 354 AUSanscl.
1241 299 1307 372 155

199 485 415 570 imperiisque
438 486 585 571 perleula
611 485 829 568 impendeant
851 483 1002 567 quotidie
1019 482 1154 547 maiora.
1183 483 1303 567 Neque

199 587 266 652 alia
281 609 364 655 sane
381 602 476 656 erant
491 599 730 657 consecutura:
755 608 834 653 nam
850 586 1035 666 debilitato,
1050 606 1134 651 eove
1150 587 1305 666 deterius,

200 693 325 759 reiecto
351 693 542 760 firmissimo
565 693 711 760 civitatis
733 692 909 777 praesidio,
936 691 1104 774 religione,
1129 711 1216 774 quae
1240 712 1307 756 una

200 795 355 862 homines
380 807 413 862 et
439 807 527 862 recte
551 797 799 863 commonendo
825 805 859 860 et
885 795 1073 860 salutariter
1103 793 1305 859 deterrendo

199 919 277 964 vere
293 909 406 984 potest
421 901 455 965 in
471 921 533 966 suo
548 919 716 985 quemque
728 898 839 965 officio
853 899 1129 975 retinere,nutant
1144 900 1305 963 continuo

201 1013 236 1068 et
251 1002 499 1069 labefactantur
513 1005 618 1088 ipsius
634 1003 856 1069 fundamenta
870 1002 1024 1067 civitatis.

247 1107 344 1172 Haec
361 1107 442 1186 Nos,
453 1107 546 1172 nulla
556 1107 695 1173 dimissa
706 1106 1049 1189 occasionegravibus
1062 1104 1181 1170 litteris
1193 1105 1305 1189 palam
1342 1128 1424 1185 Quare
1437 1141 1485 1174 om-

201 1209 475 1277 denuntiavimus
501 1222 534 1277 et
550 1213 590 1277 iis
606 1213 664 1296 qui
685 1232 761 1277 cum
778 1219 948 1295 potestate
967 1219 1127 1293 praesunt
1143 1219 1177 1275 et
1193 1211 1233 1274 iis
1249 1211 1306 1294 qui
1332 1191 1486 1293 Ήῖξῖ-’,ξζ

200 1322 282 1378 sunt
297 1315 359 1379 sub
386 1325 564 1399 potestate,
579 1316 766 1382 indicantes
790 1315 902 1380 alteris
925 1314 1095 1398 religionis
1112 1323 1145 1378 et
1160 1315 1306 1380 civitatis
1332 1305 1485 1424 ffjfigssfffflss

198 1417 291 1481 -inter
305 1440 340 1483 se
356 1420 502 1486 rationes
516 1440 619 1503 quam
629 1429 719 1484 arcte
731 1419 988 1496 continerentur,
998 1418 1121 1484 alteros
1137 1418 1305 1485 adhortati
1332 1423 1484 1475 addonem:

203 1531 241 1585 ut
256 1520 371 1587 divina
384 1523 556 1588 Ecclesiae
571 1523 775 1589 documenta
790 1524 876 1588 iuste
890 1523 1039 1587 colerent
1060 1521 1305 1606 diligenterque

201 1626 388 1709 explerent.
404 1625 590 1710 Singularis
606 1647 706 1711 porro
728 1627 790 1691 suit
805 1625 1021 1709 compellatio
1038 1625 1163 1690 Nostra
1178 1626 1220 1690 ad
1237 1626 1305 1692 Ve-
1350 1683 1483 1742 mmm

201 1727 368 1792 nerabiles
379 1729 514 1794 Fratres
531 1729 728 1813 Episcopos,
744 1749 828 1813 quos
839 1727 984 1813 Spiritus
1001 1727 1145 1794 Sanctus
1161 1738 1304 1795 rectores
1331 1747 1412 1787 eamn
1449 1743 1484 1790 Ε-

200 1832 314 1911 posuit
331 1833 501 1899 Ecclesiae
516 1833 582 1898 Dei
603 1834 760 1918 idemque
776 1835 868 1916 larga
884 1851 974 1920 ¹suae
990 1833 1118 1916 gratiae
1142 1832 1216 1898 luce
1232 1853 1305 1917 per·
1326 1801 1484 1906 ssssssmlissf

201 1931 312 2000 fundit
327 1937 403 2020 :qui
418 1939 517 2017 enim,
542 1947 715 2022 tamquam
732 1937 887 2003 custodes
911 1955 971 2020 per
986 1956 1103 2001 omnes
1127 1936 1305 2021 vigilantes
1331 1919 1454 2024 ’,ξζῇζξξΜ

203 2047 365 2102 terrarum
389 2041 551 2123 regiones,
575 2042 609 2105 in
625 2061 660 2106 re
679 2041 845 2126 praesenti
860 2049 1016 2105 notarent
1032 2040 1306 2126 experiendoque
1331 2037 1432 2144 ξψ-

202 2153 341 2208 nossent
357 2163 522 2225 quaenam
538 2145 658 2228 cuique
669 2145 762 2228 genti
778 2146 848 2211 sive
859 2143 1052 2210 adhibenda
1068 2144 1216 2209 remedia
1234 2147 1304 2210 sive
1393 2131 1399 2144 ⁸

203 2244 345 2311 insidiae
371 2249 630 2330 praecavendae,
670 2249 773 2314 iidem
800 2247 951 2332 proiecto
988 2247 1158 2313 adiutores
1197 2249 1306 2315 Nobis

203 2348 324 2430 optimi
340 2348 442 2414 futuri
458 2362 553 2417 erant
572 2353 615 2417 ad
635 2352 668 2416 id
685 2352 776 2436 quod
799 2351 940 2417 summis
955 2349 1080 2415 viribus
1096 2349 1307 2434 urgebamus,

202 2470 371 2535 urgemus,
396 2455 637 2520 catholicarum
663 2455 814 2538 gentium
846 2454 999 2519 salutem.
1026 2453 1114 2520 Sunt
1144 2463 1257 2518 autem
1286 2473 1307 2518 a

203 2554 313 2618 Nobis
330 2553 523 2638 peramplae
536 2555 611 2620 Deo
626 2555 763 2639 gratiae,
781 2555 871 2638 quod
889 2553 1140 2637 compellationi
1162 2554 1307 2619 Nostrae

202 2655 288 2721 mira
302 2678 437 2741 prorsus
463 2679 509 2725 ex
523 2661 617 2725 omni
638 2660 884 2744 Episcoporum
909 2658 1026 2724 ordine
1040 2659 1218 2724 consensio
1241 2677 1306 2723 res-

201 2759 359 2840 ponderit
369 2769 403 2824 et
418 2760 577 2827 sollertia:
593 2771 847 2846 nam,quantum
857 2760 939 2825 eniti
956 2759 1004 2824 illi
1020 2759 1307 2842 possunt,ingenio

202 2870 237 2926 et
252 2862 384 2941 animis,
398 2865 588 2930 hortatione
600 2874 634 2930 et
642 2865 826 2944 actione,eo
836 2865 899 2929 toti
915 2873 1069 2947 spectant
1086 2873 1123 2929 ut
1133 2864 1306 2930 veritatem

202 2967 390 3032 catholicae
416 2965 493 3033 fidei
517 2977 683 3046 tueantur,
713 2977 816 3051 utque
834 2967 1009 3032 hominum
1037 2965 1242 3044 societatem,
1262 2968 1306 3031 ad

203 3079 447 3137 consentaneas
462 3071 540 3138 fidei
565 3073 705 3138 virtutes
721 3071 919 3149 revocando,
947 3071 1105 3136 maximis
1122 3071 1307 3154 expediant

206 3171 357 3252 miseriis,
370 3175 413 3239 ad
430 3175 498 3239 veri
514 3175 661 3240 nominis
672 3175 928 3258 prosperitatem
945 3173 1125 3240 adducant.
1346 3241 1354 3254 ,
1444 3240 1449 3252 ,

251 3275 291 3338 In
307 3295 375 3358 quo
401 3287 471 3343 tam
499 3277 603 3344 nobili
618 3279 720 3345 studii
736 3277 913 3361 pastoralis
937 3276 1120 3342 certamine
1139 3276 1308 3360 praeclare
1328 3241 1483 3368 pssss‘r'l's'r'z

201 3379 340 3461 quidem
357 3379 505 3447 fecerunt
520 3381 680 3448 Austriae
696 3380 866 3465 Episcopi,
881 3390 915 3446 et
931 3380 1039 3446 Nobis
1054 3379 1186 3445 animus
1206 3381 1309 3464 gestit
1332 3358 1484 3462 §ffiij

201 3482 352 3548 debitam
369 3485 463 3549 vobis
487 3485 621 3551 laudem
646 3487 710 3551 hoc
733 3486 808 3550 loco
823 3485 968 3550 tribuere
983 3509 990 3550 :
1005 3484 1167 3550 habemus
1183 3485 1308 3569 quippe
1332 3476 1486 3536 ‘mmm'

201 3595 413 3668 compertum
429 3598 556 3673 quauta
571 3590 784 3655 contendatis
799 3589 978 3671 prudentia
994 3599 1028 3652 et
1048 3588 1245 3653 assiduitate
1260 3588 1306 3652 la-

201 3689 321 3755 borum
349 3693 392 3757 ad
420 3693 509 3763 mala
533 3696 671 3778 quaevis
698 3696 731 3759 in
755 3695 882 3779 populo
904 3695 1055 3775 germina
1077 3692 1251 3758 evellenda
1274 3703 1308 3758 et

200 3795 246 3858 ad
271 3797 400 3860 semina
415 3797 559 3863 fovenda
583 3799 783 3865 christianae
809 3799 999 3865 vitae.1mo
1022 3817 1128 3880 nuper
1143 3796 1306 3881 perliben-

200 3906 253 3962 ter
283 3901 490 3981 agnovimus,
513 3903 718 3969 coniunctim
745 3924 766 3968 a
789 3903 885 3969 vobis
914 3902 1093 3985 epistolam
1123 3902 1167 3965 ad
1191 3898 1307 3964 lideles

201 4001 405 4068 dioecesium
433 4015 615 4072 vestrarum
637 4007 739 4072 fuisse
763 4007 888 4083 datam,
902 4025 989 4089 quae
1012 4002 1183 4087 praeclaro
1197 4003 1307 4068 Nobis

201 4117 402 4188 argumento
432 4106 495 4175 suit
524 4109 826 4176 consociatissimas
861 4129 933 4173 esse
955 4107 1147 4172 voluntates
1179 4114 1306 4172 vestras

200 4229 306 4292 quum
323 4231 375 4274 res
391 4221 441 4276 est
456 4213 499 4277 de
523 4213 569 4278 rei
596 4212 779 4280 catholicae
807 4211 990 4278 rationibus
1018 4210 1160 4274 tuendis.
1176 4209 1305 4275 Verum

200 4325 238 4379 ut
264 4312 390 4378 firmius
414 4327 545 4384 constet
559 4318 738 4402 vigeatque
753 4318 787 4382 in
812 4325 982 4401 posterum
1009 4313 1092 4378 haec
1118 4314 1306 4392 concordia,
