3354 4938
320 275 372 326 DE
390 273 632 328 HIERARCHIA
648 273 691 326 nt
711 273 857 326 MEXICO
874 273 1115 330 ORDINANDA.
1196 279 1264 350 241

156 461 218 528 illa
234 464 357 546 pariter
372 464 443 528 sive
458 464 501 528 ad
518 464 599 542 iura,
614 463 684 528 sive
700 464 743 529 ad
761 465 884 543 munia,
907 465 977 528 sive
1004 464 1047 530 ad
1065 485 1116 530 res
1132 465 1270 547 (intuitu

156 565 401 649 ecclesiastico)
427 565 639 649 pertinentia,
661 567 798 649 quaein
815 569 983 651 praesenti
1001 568 1126 633 Nostra
1148 565 1272 634 consti-

156 671 291 735 tutione
306 689 467 754 expressa
483 689 551 734 non
567 679 655 748 sunt,
670 669 833 749 volumus,
861 672 951 754 quod
968 672 1065 736 iuxta
1087 667 1272 735 catholicae

159 773 530 838 Ecclesiaedoctrinam
541 771 680 856 eiusque
691 771 904 857 disciplinam
916 775 959 838 ab
971 773 1172 857 Apostolica
1183 772 1272 838 Sede

158 877 344 940 admissam
377 875 572 959 regulariter
606 877 722 941 haberi
754 887 789 942 et
816 878 964 943 exerceri
998 877 1145 944 debeant
1171 885 1273 960 atque

158 979 399 1045 administrari.
424 979 579 1044 Tandem
606 981 634 1044 si
660 999 821 1045 novarum
848 981 1041 1045 huiusmodi
1068 979 1272 1044 dioecesium

159 1083 289 1148 bonurn
306 1093 365 1148 aut
378 1083 512 1167 publica
525 1082 652 1148 utilitas
667 1082 768 1149 aliam
784 1103 907 1148 novam
920 1085 953 1148 in
972 1093 1143 1168 posterum
1156 1082 1274 1166 exigat

158 1187 506 1271 circumscriptionem
523 1195 582 1252 aut
596 1187 744 1270 aliquam
772 1187 1035 1267 distractionem,
1050 1187 1143 1252 nulla
1169 1187 1273 1251 etiam

159 1291 296 1357 adiecta
312 1291 501 1356 territoriali
517 1291 801 1373 compensatione,
817 1291 851 1355 id
879 1292 1060 1375 peragendi
1088 1290 1222 1376 plenam
1239 1298 1274 1355 et

159 1395 303 1462 liberam
318 1395 426 1460 Nobis
442 1405 476 1462 et
488 1396 598 1460 eidem
616 1395 696 1460 Sedi
712 1394 932 1478 Apostolicae
947 1415 1154 1460 reservamus
1170 1393 1273 1459 lacul-

159 1509 278 1566 tatem.
289 1499 457 1567 Omnibus
473 1498 687 1584 itaquehisce
703 1501 893 1582 praemissis
909 1509 945 1564 ut
961 1499 1146 1583 praefertur
1157 1498 1273 1581 exple·

158 1603 207 1668 tis
235 1614 271 1668 et
297 1605 474 1683 absolutis,
497 1623 584 1668 nova
608 1603 642 1667 in
674 1603 856 1669 Mexicana
885 1604 1013 1669 ditione
1047 1603 1272 1668 ecclesiastica

160 1708 363 1774 Hierarchia
388 1710 486 1774 iuxta
515 1719 711 1793 sequentem
739 1719 952 1793 prospectum
980 1709 1044 1774 erit
1062 1709 1272 1775 constituta:
1325 1760 1447 1806 mmm·

159 1814 466 1896 archiepiscopatui
484 1812 995 1879 Mexicanovidelicctecclesias
1009 1828 1027 1882 ‹
1043 1813 1271 1892 Puebla,Vera
1297 1825 1376 1890 uniar
1389 1819 1448 1888 ,Ec-

161 1915 263 1994 Cruz,
276 1917 498 2000 Tulancingo,
514 1916 656 2001 Chilapa
676 1927 710 1983 et
724 1916 941 1983 Cuernavaca
958 1931 976 1986 l>
994 1919 1026 1980 in
1044 1915 1271 2001 suffraganeas
1295 1881 1449 1996 iiiiieiim

161 2021 380 2098 subiicimus;
396 2023 700 2105 archiepiscopatus
723 2023 766 2086 de
782 2020 1020 2086 Guadalaxara
1044 2019 1272 2106 suffraganeas
1296 2003 1408 2058 scopans.

160 2125 290 2190 habeat
318 2126 475 2190 ecclesias
509 2140 527 2194 ‹
553 2126 742 2204 Zacatecas,
757 2125 862 2208 Tepic
878 2134 912 2188 et
928 2124 1059 2190 Colima
1074 2137 1091 2192 t
1108 2145 1117 2204 3
1146 2125 1272 2190 archie-

161 2229 360 2312 piscopatui
377 2229 674 2294 Mechoacanensis
690 2225 920 2312 suffraganeae
931 2228 998 2292 sint
1014 2227 1273 2296 ecclesiaetZa·

162 2352 269 2410 mora,
283 2333 377 2396 Leon
390 2347 424 2397 et
435 2331 649 2415 Queretarol
665 2352 674 2410 ;
689 2332 1003 2414 Archiepiscopatui
1018 2331 1061 2395 de
1076 2332 1274 2415 Antequera

160 2436 236 2498 sive
269 2435 411 2502 Oaxaca
442 2433 665 2517 suffragentur
695 2435 854 2499 ecclesiae
883 2449 901 2503 t
927 2434 1092 2513 Yucatan,
1119 2433 1276 2517 Chiapas,

161 2539 322 2604 Tabasco
352 2550 387 2604 et
413 2539 654 2620 Tehuantepec
680 2552 723 2619 );
754 2541 891 2602 tandem
922 2537 1079 2602 ecclesias
1111 2551 1129 2605 t
1159 2537 1276 2603 Sancti

161 2642 287 2708 Aloisii
306 2643 520 2721 Potosiensis‚
538 2642 670 2707 Saltillo
693 2652 727 2708 et
743 2642 989 2725 Tamaulipas)
1009 2643 1276 2725 archiepiscopa-

159 2746 213 2810 tui
240 2747 283 2810 de
315 2746 465 2822 Linares,
492 2754 526 2809 et
552 2745 759 2828 episcopales
786 2745 942 2811 ecclesias
975 2749 1051 2814 (de
1068 2746 1277 2825 Chihuahua,

159 2848 305 2916 Sinaloa
321 2860 355 2915 et
373 2849 504 2915 Sonora
518 2862 549 2926 t,
565 2869 626 2914 nec
642 2869 709 2913 non
727 2850 922 2916 vicariatum
950 2851 1114 2915 inferioris
1136 2850 1276 2916 Calisor·

160 2955 239 3018 niae
270 2953 571 3037 archiepiscopatui
598 2953 641 3017 de
673 2953 836 3035 Durango
853 2955 886 3017 in
903 2953 1131 3036 suffraganeas
1148 2954 1275 3018 addici·

160 3077 248 3138 mus,
274 3077 313 3122 ac
344 3057 486 3140 proinde
503 3056 750 3139 metropolitico
774 3056 907 3120 illorum
932 3056 1273 3139 Archiepiscoporum

158 3161 224 3225 iuri
242 3161 427 3243 respective
443 3159 639 3224 subiicimus
648 3167 682 3224 et
699 3159 866 3224 subiectas
884 3158 953 3223 lore
968 3159 1187 3226 declaramus.

209 3265 307 3328 Haec
324 3265 488 3342 volumus,
503 3265 683 3328 statuimus
699 3273 800 3346 atque
830 3265 999 3327 sancimus
1018 3285 1026 3343 ;
1057 3265 1275 3329 decernentes
1327 3269 1373 3314 Hoe
1389 3267 1450 3314 liere-

158 3378 361 3454 praesentes
390 3369 531 3432 Nostras
545 3367 673 3432 litteras
691 3375 726 3431 et
742 3368 775 3430 in
796 3368 843 3432 eis
867 3377 1027 3432 contenta
1042 3388 1276 3452 quaecumque
1301 3328 1452 3432 iilaiae'ii

158 3472 257 3538 nullo
285 3493 445 3556 umquam
469 3481 622 3555 tempore
644 3493 688 3536 ex
713 3492 925 3556 quocumque
951 3474 1062 3556 capite
1089 3473 1141 3538 vel
1159 3475 1275 3557 quavis
1301 3446 1382 3492 Μ

157 3597 208 3644 ex
219 3597 338 3641 caussa
349 3577 565 3659 quantumvis
577 3576 716 3641 iuridica
731 3575 883 3658 legitima
898 3586 932 3641 et
947 3577 1275 3660 privilegiata,etiam

158 3702 208 3746 ex
224 3700 265 3745 eo
288 3682 378 3765 quod
394 3701 543 3756 caussae,
554 3690 691 3764 propter
707 3701 792 3764 quas
807 3681 991 3764 praemissa
1007 3682 1121 3746 omnia
1138 3701 1275 3747 emana-

159 3793 243 3848 runt
257 3785 433 3862 adductae,
448 3783 638 3847 verificatae
654 3793 688 3848 et
704 3783 903 3848 iustificatae
919 3806 986 3850 non
1003 3785 1181 3864 luerint,de
1198 3785 1274 3850 sub·

156 3887 323 3969 reptionis
339 3887 391 3951 vel
407 3887 615 3971 obreptionis
632 3896 690 3951 aut
707 3887 869 3952 nullitatis
896 3889 988 3967 vitio,
1004 3909 1061 3952 seu
1079 3889 1275 3953 intentionis

157 3989 308 4056 Nostrae
324 4000 383 4055 aut
398 3991 552 4074 quolibet
576 3991 643 4055 alio
659 3990 883 4070 substantiali,
899 3991 1220 4056 substantialissimo
1236 4012 1275 4056 ac

156 4093 342 4176 specialem
354 4103 388 4158 et
401 4095 610 4160 individuam
628 4095 833 4159 mentionem
850 4103 884 4158 et
900 4095 1153 4177 expressionem
1167 4097 1273 4180 requi·

156 4205 256 4259 rente
272 4196 474 4276 desectu,seu
492 4199 594 4263 etiam
611 4218 656 4263 ex
673 4198 817 4282 eoquod
834 4198 866 4261 in
885 4199 1077 4281 praemissis
1093 4217 1276 4283 eorumque

154 4299 275 4383 aliquo
290 4301 523 4366 solemnitates
539 4311 573 4366 et
589 4301 727 4385 quaevis
743 4302 809 4366 alia
824 4303 989 4366 servanda
1006 4312 1038 4368 et
1055 4302 1275 4386 adimplenda

256 4407 332 4459 Ac'rn
346 4413 446 4460 Laurus
462 4413 532 4458 xlll.
1106 4415 1235 4462 1v.-1n
