3354 4938
457 289 507 340 DE
525 287 765 340 CONDITIONE
784 287 975 338 OPlFlCUM.
1198 282 1264 354 195

161 490 239 534 rum
253 491 332 533 usus
345 480 393 533 est
408 469 606 532 necessarius
620 468 668 532 ad
688 479 795 532 actum
819 467 1195 550 virtuta(1).1arnver0
1217 468 1268 532 his
1328 471 1408 560 MJ„

161 572 330 654 pariendis
346 571 443 634 bonis
458 579 511 634 est
526 571 780 653 proletariorum
798 571 947 634 maxime
962 568 1081 634 efficax
1101 589 1139 633 ac
1156 589 1268 633 neces·
1338 571 1405 628 1891·

162 674 267 737 sarius
283 675 388 751 labor,
409 673 527 736 sivein
544 667 632 756 agris
648 686 754 738 artem
771 682 871 756 atque
896 693 1042 750 manum,
1063 675 1132 736 sive
1147 673 1180 736 in
1198 671 1269 736 offi-
1294 663 1446 798 amm

161 777 245 840 cinis
267 786 457 843 exerceant.
477 777 589 840 Immo
613 795 728 841 eorum
745 776 778 839 in
806 774 870 838 hoc
890 795 1012 858 genere
1036 775 1085 839 vis
1102 785 1152 838 est
1168 784 1269 858 atque
1294 799 1408 844 tonorum

1293 862 1446 903 externorum

163 879 341 946 efficientia
359 889 464 958 tanta,
479 889 516 945 ut
532 880 614 944 illud
630 881 840 944 verissimum
855 879 908 955 sit,
923 899 990 942 non
1008 878 1144 942 aliunde
1166 899 1269 962 quam
1290 917 1447 975 perlatorem

160 1003 205 1046 ex
221 983 381 1067 opificum
397 985 511 1048 labore
526 984 618 1066 gigni
635 983 769 1047 divitias
785 983 967 1048 civitatum.
986 981 1084 1047 Iubet
1100 983 1201 1064 igitur
1216 1005 1270 1048 ae·
1293 977 1436 1035 ΝΜΟ·

161 1087 285 1169 quitas,
296 1107 409 1152 curam
435 1087 478 1150 de
502 1087 682 1169 proletario
699 1086 831 1169 publice
846 1087 925 1168 geri,
941 1097 977 1150 ut
994 1107 1039 1150 ex
1055 1107 1105 1164 e0‚
1120 1089 1212 1170 quod
1236 1091 1269 1152 in

160 1209 375 1256 communem
388 1189 684 1268 affertutilitatem,
695 1191 858 1273 percipiat
874 1191 944 1272 ipse
956 1190 1093 1274 aliquid,
1105 1203 1142 1255 ut
1154 1201 1271 1272 tectus,
1296 1184 1449 1291 ‘'smil“

1337 1260 1350 1290 ο
1370 1252 1448 1303 respu-

159 1303 197 1358 ut
206 1293 357 1372 vestitus,
367 1303 403 1357 ut
414 1293 640 1358 salvusvitam
651 1292 793 1357 tolerare
808 1293 918 1357 minus
931 1313 1030 1376 aegre
1043 1296 1158 1376 possit.
1169 1296 1272 1360 Unde
1296 1305 1367 1375 bifa·
1410 1305 1449 1348 in·

160 1397 384 1480 consequitur,
406 1397 586 1461 favendum
604 1397 702 1461 rebus
719 1396 876 1461 omnibus
893 1417 965 1460 esse
980 1418 1069 1480 quae
1087 1388 1273 1464 eonditidni
1298 1369 1448 1471 ‘illidii

161 1501 319 1585 opificum
343 1521 480 1584 quoquo
502 1500 605 1565 modo
635 1501 813 1564 videantur
846 1501 1047 1581 profuturae.
1076 1503 1172 1586 Quae
1195 1524 1274 1568 cura
1298 1482 1448 1602 lluffis

160 1616 294 1672 tantum
311 1607 405 1670 abest
418 1615 455 1669 ut
467 1616 587 1670 noceat
601 1605 768 1687 cuiquam,
780 1616 818 1669 ut
835 1606 948 1688 potius
959 1605 1133 1689 profutura
1146 1609 1188 1672 sit
1201 1610 1273 1672 uni·
1298 1601 1402 1705 d‘llj‘m
1441 1665 1452 1702 t

160 1713 273 1791 versis,
288 1711 368 1794 quia
383 1729 451 1774 non
467 1731 539 1774 esse
561 1709 720 1774 omnibus
741 1709 850 1773 modis
871 1729 928 1773 eos
954 1711 1101 1789 miseros,
1117 1733 1137 1775 a
1152 1714 1273 1795 quibus
1294 1669 1449 1790 {gelwal-

160 1825 229 1880 tam
252 1814 440 1878 necessaria
461 1813 552 1878 bona
567 1811 834 1896 proficiscuntur,
850 1833 984 1894 prorsus
1005 1815 1144 1879 interest
1167 1817 1274 1901 reipu·
1295 1785 1377 1838 Μ

164 1923 282 1987 blicae.

205 2027 287 2090 Non
304 2025 421 2102 civem,
435 2035 473 2089 ut
488 2025 648 2102 diximus,
672 2043 738 2087 non
763 2023 925 2087 familiam
943 2023 1111 2088 absorberi
1135 2046 1154 2089 a
1178 2049 1273 2111 repu.
1310 2037 1448 2096 clrnsuper,

164 2129 251 2192 blica
281 2139 409 2194 rectum
433 2137 508 2192 est:
537 2147 634 2193 suam
665 2127 797 2209 utrique
829 2125 1024 2191 facultatem
1049 2131 1172 2210 agendi
1195 2153 1272 2196 cum
1300 2113 1357 2202 35:22
1373 2105 1450 2213 rel-Z

161 2239 317 2304 libertate
340 2239 535 2322 permittere
561 2258 706 2322 aequum
731 2247 791 2313 est,
814 2245 978 2320 quantum
1002 2239 1160 2304 incolumi
1183 2243 1273 2307 bono
1300 2217 1453 2321 ζξξξᾈεζω

160 2345 331 2410 communi
347 2354 382 2408 et
396 2343 468 2407 sine
483 2343 680 2426 cuiusquam
698 2343 820 2406 iniuria
836 2353 956 2425 potest.
970 2343 1201 2410 Nihilominus
1217 2349 1275 2427 eis,
1300 2335 1391 2440 Οιζξίξζξ
1429 2344 1451 2380 ⁶²

162 2449 219 2532 qui
235 2449 412 2530 imperant,
426 2447 608 2511 videndum
637 2458 674 2512 ut
696 2448 975 2512 communitatem
999 2450 1136 2534 eiusque
1159 2463 1271 2534 partes
1298 2409 1307 2453 J
1389 2429 1395 2439 ⁹

163 2561 328 2618 tueantur.
359 2551 645 2616 Communitatem
678 2550 824 2633 quidem,
846 2553 971 2634 quippe
994 2573 1095 2636 quarn
1119 2563 1272 2625 summae

159 2655 322 2741 potestati
336 2655 599 2720 conservandam
616 2663 736 2718 natura
752 2656 923 2721 commisit
937 2676 1041 2740 usque
1055 2677 1105 2737 eo,
1116 2671 1152 2726 ut
1165 2665 1273 2746 publi-

160 2783 218 2827 cae
233 2761 389 2826 custodia
403 2759 520 2824 salutis
536 2779 603 2824 uon
623 2762 726 2824 ruodo
743 2780 899 2843 suprema
916 2761 981 2838 lex,
994 2763 1052 2826 sed
1066 2773 1140 2830 tota
1155 2789 1274 2836 caussa

161 2867 202 2931 sit
225 2865 380 2946 ratioque
402 2864 632 2945 principatus:
655 2872 768 2945 partes
791 2883 878 2941 vero,
901 2864 980 2946 quia
1003 2871 1270 2948 procurationem
1350 2855 1453 2924 ‘'wlf‘'

162 2968 365 3054 reipublicae
381 2987 448 3030 non
464 2967 508 3030 ad
526 2967 706 3031 utilitatem
734 2986 859 3045 eorum,
874 2969 996 3050 quibus
1011 2974 1191 3039 commissa
1215 2987 1275 3055 est,
1300 2929 1449 3044 llllzln'llr

163 3077 220 3141 sed
237 3073 282 3138 ad
299 3091 423 3148 eorum,
438 3073 495 3155 qui
511 3070 682 3134 commissi
698 3080 785 3146 sunt,
803 3081 922 3135 natura
938 3073 1110 3152 pertinere,
1126 3077 1272 3158 philoso-
1296 3038 1450 3151 illibi}

162 3181 243 3264 plaia
256 3177 383 3261 pariter
397 3184 432 3239 et
446 3173 528 3238 fides
544 3173 727 3237 christiana
752 3176 974 3238 consentiunt.
992 3175 1145 3261 Cumque
1169 3181 1273 3263 impe·
1300 3157 1446 3212 “m“'m'

164 3283 260 3348 randi
271 3279 419 3345 ‘facultas
435 3277 694 3360 proficiscatura
708 3276 796 3356 Deo,
809 3277 945 3359 eiusque
958 3280 1275 3358 sitcommunicatio

165 3384 334 3470 quaedam
365 3382 487 3444 summi
522 3380 739 3463 principatus,
772 3381 918 3461 gerenda
950 3382 993 3445 ad
1021 3386 1196 3469 exemplar
1226 3397 1278 3452 est

166 3485 345 3572 potestatis
360 3485 504 3562 divinae,
514 3504 581 3548 non
599 3485 709 3548 minus
725 3484 825 3548 rebus
840 3484 980 3567 singulis
995 3506 1097 3569 quam
1116 3490 1277 3555 universis

166 3609 246 3655 cura
261 3596 402 3672 paterna
428 3586 642 3651 consulentis.
659 3585 695 3652 Si
711 3588 792 3668 quid
811 3587 911 3668 igitur
928 3588 1120 3655 detrimenti
1138 3592 1276 3657 allatum

167 3695 211 3760 sit
227 3702 286 3758 aut
302 3692 497 3774 impendeat
518 3691 616 3754 rebus
632 3689 876 3769 communibus,
891 3699 949 3754 aut
965 3693 1171 3776 singulorum
1189 3698 1276 3760 ordi·

169 3819 251 3864 num
267 3795 463 3874 rationibus,
479 3794 568 3878 quod
592 3795 702 3858 sanari
719 3803 778 3857 aut
793 3794 960 3874 prohiberi
976 3797 1042 3859 alia
1056 3799 1185 3861 ratione
1208 3818 1276 3863 non

168 3901 286 3985 possit,
303 3899 438 3965 obviam
455 3899 494 3962 iri
510 3899 710 3963 auctoritate
726 3897 859 3979 publica
876 3919 1011 3963 necesse
1034 3908 1093 3965 est.
1109 3938 1153 3949 -
1167 3901 1276 3984 Atqui
1331 3917 1358 3975 al
1374 3924 1454 3980 Atqui

170 4006 310 4070 interest
326 4003 442 4067 salutis
458 4021 534 4064 cum
552 4001 715 4083 publicae,
731 4010 802 4063 turn
820 4001 969 4082 privatae
984 4011 1122 4084 pacatas
1138 4023 1210 4067 esse
1226 4025 1277 4067 res
1304 3979 1408 4085 m}
1418 4042 1454 4085 ,·„,

172 4120 206 4176 et
216 4109 436 4193 compositas:
449 4109 529 4172 item
542 4107 640 4190 dirigi
652 4105 694 4170 ad
712 4105 777 4169 Dei
795 4106 883 4169 iussa
899 4116 1104 4189 naturaeque
1116 4109 1278 4192 principia
1304 4101 1457 4220 ‘r‘e'lsssso‘lhssjj‘ll

207 4325 228 4360 1.
246 4313 270 4362 S.
285 4312 383 4364 Thoan,
395 4311 434 4356 De
444 4323 490 4370 reg.
504 4309 599 4362 Princ.,
615 4309 633 4360 l,
647 4321 666 4353 c.
681 4307 734 4352 XV.
