3352 4926
167 360 219 412 DE
236 357 442 412 SOCIETATE
459 353 702 407 CATHOLICAE
719 353 956 420 JUVENTUTIS
974 353 1159 405 ITALICAE.
1182 353 1254 425 259

149 548 186 604 ut
201 539 294 622 pueri
309 509 355 602 ex
367 536 592 620 populorecte
603 533 824 617 religioseque
839 533 1066 612 instituantur,
1081 541 1119 598 ut
1133 535 1258 601 collata
1291 528 1427 626 mim

148 645 235 726 stipe
249 641 389 726 aliisque
404 640 529 706 amoris
544 636 848 722 significationibus
863 646 1031 703 testentur
1046 640 1135 703 cives
1151 641 1257 724 pieta·
1322 632 1387 691 1⁸⁹¹·

148 758 216 813 tem
230 766 325 812 suam
341 745 376 810 in
392 742 629 828 Apostolicam
645 741 779 821 sedem;
793 741 941 824 denique
953 751 990 808 ut
1001 742 1151 807 subsidia
1165 763 1256 808 com·
1317 742 1433 812 rufium

1281 800 1415 848 chr-istruna

149 860 306 936 parentur
320 849 361 915 iis
376 849 433 933 qui
449 847 681 931 ephemerides
697 855 731 910 et
746 845 849 910 libros
868 845 1019 928 vulgant,
1038 847 1159 929 quibus
1175 868 1258 913 sana
1282 865 1350 904 curet
1370 875 1434 908 exos

149 957 300 1022 doctrina
315 953 506 1018 continetur
521 976 529 1016 ι
543 952 637 1015 cuius
661 951 708 1014 rei
723 969 837 1015 curam
855 958 990 1034 tempus
1008 950 1118 1035 ipsum
1143 961 1258 1018 monet
1283 919 1435 1047 pappum

149 1081 230 1138 esse,
241 1060 367 1124 nedum
380 1065 615 1141 opportunam,
624 1055 776 1138 apprime
792 1057 1022 1122 necessariam.
1034 1057 1163 1142 Ampla
1176 1059 1258 1124 satis
1282 1037 1410 1148 pascan-

149 1165 231 1230 lraec
245 1163 418 1246 provincia
433 1169 485 1226 est
500 1161 535 1224 in
551 1179 619 1244 qua
634 1179 679 1224 ex
701 1159 832 1243 legibus
854 1162 1114 1226 consociationis
1129 1173 1258 1228 vestrae
1306 1191 1367 1238 50„
1376 1192 1436 1238 sm·-

149 1269 200 1332 ias
226 1277 277 1331 est
295 1265 390 1330 vobis
416 1265 583 1330 liberrime
606 1265 759 1348 proprias
776 1263 946 1348 explicare
961 1265 1048 1331 vires
1063 1267 1144 1351 quin
1160 1268 1259 1334 liceat
1280 1255 1437 1370 {Zdffm'

147 1371 294 1454 cuipiam
311 1389 384 1434 sese
400 1369 542 1451 inceptis
557 1369 678 1434 vestris
693 1369 915 1450 interponere.

194 1473 270 1558 Qua
285 1475 422 1558 quidem
439 1474 473 1539 in
490 1473 661 1556 provincia
678 1473 813 1556 egregie
828 1493 889 1538 vos
913 1473 1077 1541 hactenus
1099 1495 1173 1541 esse
1187 1498 1259 1543 ver·
1338 1469 1438 1518 Lami

149 1587 240 1643 satos
256 1578 480 1661 agnoscimus.
497 1575 589 1660 Quin
605 1576 675 1642 imo
690 1584 726 1639 et
741 1575 807 1640 alia
823 1577 1015 1642 meminisse
1037 1579 1158 1662 placet,
1173 1600 1259 1664 quae
1284 1529 1436 1635 ἒῗῗὲἕτῗ-

148 1681 255 1746 multa
270 1701 347 1746 cum
364 1681 464 1762 laude
480 1689 514 1745 et
531 1679 677 1745 utilitate
692 1680 816 1745 civium
832 1681 1002 1764 praeclare
1017 1704 1038 1748 a
1053 1683 1149 1748 vobis
1164 1693 1259 1767 gesta
1285 1647 1436 1768 mm

148 1787 292 1852 vidimus
312 1787 346 1850 in
362 1787 425 1850 hac
441 1784 531 1849 alma
547 1784 639 1862 urbe,
654 1804 694 1849 ac
709 1784 852 1849 libenter
866 1785 1056 1852 videremus
1071 1798 1259 1872 propagata
1283 1779 1348 1867 ’Ψ

149 1891 273 1974 passim
289 1890 369 1954 alibi
385 1889 602 1971 moribusque
617 1897 761 1971 recepta.
785 1887 990 1953 Huiusmodi
1010 1900 1089 1955 sunt
1104 1892 1258 1957 instituta

148 2015 234 2078 quae
249 1995 292 2059 ad
303 1994 455 2060 levamen
467 2013 653 2078 pauperum
666 1992 857 2072 intendunt,
866 2001 905 2058 ut
915 1995 1111 2076 permodico
1121 2007 1258 2080 sumptu

144 2100 242 2164 cibus
269 2099 309 2162 iis
336 2107 495 2181 suppetat
520 2107 555 2161 et
586 2097 778 2181 quiescendi
808 2096 923 2175 locus;
954 2117 1096 2181 quorum
1125 2119 1259 2165 summa

142 2203 379 2288 opportunitas
393 2202 563 2266 neminem
576 2201 680 2266 latere
691 2210 804 2284 potest
817 2201 851 2264 in
867 2210 965 2266 tanta
979 2223 1088 2267 rerum
1104 2206 1256 2271 omnium

143 2307 267 2390 inopia.
282 2343 326 2356 -
342 2304 414 2370 Nec
441 2304 562 2369 minori
578 2304 669 2369 laudi
692 2302 753 2369 luit
768 2305 880 2369 coetui
895 2314 1007 2370 vestro
1022 2326 1102 2371 cura
1123 2328 1143 2370 a
1158 2309 1255 2373 vobis
1297 2325 1433 2372 adunus.

141 2421 300 2494 suscepta
322 2419 360 2475 ut
374 2409 525 2474 derelicti
545 2407 776 2474 adolescentes
793 2418 828 2472 et
845 2409 1045 2474 docerentur
1060 2429 1147 2494 quae
1166 2413 1255 2478 circa
1279 2385 1432 2492 fflm

142 2514 244 2579 iidem
269 2522 303 2578 et
318 2533 427 2578 mores
455 2512 588 2577 novisse
614 2521 758 2596 oportet,
783 2533 823 2576 ac
851 2511 946 2595 pueri
968 2512 1030 2576 rite
1053 2513 1200 2580 instituti
1220 2525 1255 2581 et
1280 2503 1409 2560 dmum*

141 2617 328 2700 comparati
358 2616 402 2681 ad
432 2633 561 2680 sacram
592 2616 739 2698 synaxin
779 2615 986 2680 accederent.
1021 2614 1113 2700 Quin
1152 2619 1253 2684 etiam

142 2721 367 2799 meminimus,
393 2717 577 2803 aliquando
601 2739 661 2802 pro
691 2718 917 2803 singularibus
944 2740 1054 2785 rerum
1087 2722 1255 2788 adiunctis

142 2835 279 2910 paratas
295 2833 373 2909 apte
394 2844 432 2888 ac
447 2832 600 2906 peractas
616 2823 756 2888 feliciter
771 2823 872 2888 luisse
887 2844 952 2906 ope
975 2832 1088 2889 vestra
1108 2825 1254 2909 (collatis

141 2929 291 2994 consiliis
306 2947 382 2992 cum
392 2928 433 2991 iis
442 2947 526 3011 quos
543 2926 658 2991 audire
673 2925 865 3008 oportebat)
878 2925 952 3008 pias
967 2927 1254 3010 peregrinationes
1279 2914 1430 3032 &dmg

139 3035 188 3099 ad
204 3053 315 3098 sacras
330 3032 431 3096 aedes
447 3031 722 3115 religiosissimas,
734 3031 930 3114 praesertim
947 3031 980 3094 in
993 3030 1056 3095 hac
1070 3030 1151 3095 urbe
1163 3033 1254 3112 sitas,
1279 3032 1329 3102 ¹0⁶?
1363 3038 1429 3126 pere:

139 3157 232 3221 quae
245 3146 398 3201 centrum
414 3144 466 3200 est
480 3134 664 3200 catholicae
679 3133 819 3199 unitatis
845 3142 881 3197 et
903 3132 1032 3216 inclyta
1048 3134 1145 3198 sedes
1160 3135 1254 3200 here·
1274 3095 1416 3202 waram
1441 3183 1443 3188 ,

139 3238 227 3301 dum
254 3234 416 3318 Principis
442 3231 695 3317 Apostolorum.
711 3269 754 3282 —-
770 3231 875 3298 Cuius
899 3233 946 3296 rei
962 3231 1152 3297 recordatio
1180 3235 1254 3299 Nos

139 3339 246 3404 tacite
262 3347 380 3403 monet
394 3347 432 3403 ut
447 3337 574 3402 meritis
590 3355 748 3401 ornemus
772 3336 928 3401 laudibus
953 3335 1066 3401 studia
1089 3346 1124 3402 et
1144 3337 1254 3403 officia
1279 3309 1430 3414 &⁸22¹ss

138 3439 394 3523 perhumaniter
417 3441 541 3506 collata
565 3461 585 3505 a
611 3441 767 3506 Romana
788 3439 961 3504 iuventute
990 3439 1029 3504 iis
1059 3442 1253 3524 peregrinis,
1274 3428 1344 3532 {ss'm
1364 3427 1430 3546 752]

138 3545 202 3629 qui
216 3545 365 3629 undique
380 3555 543 3609 terrarum
559 3563 727 3609 accessere
742 3545 786 3608 ad
803 3543 877 3608 Nos
902 3542 1172 3627 frequentissimi.
1190 3544 1255 3610 Est
1275 3547 1411 3608 grinarius.

137 3648 257 3727 itaque
287 3653 321 3708 et
351 3643 435 3708 haec
460 3662 547 3709 nova
577 3663 673 3726 seges
704 3662 790 3728 quae
819 3652 915 3726 patet
945 3644 1056 3708 adhuc
1088 3644 1254 3710 iuventuti

136 3757 301 3812 actuosae
315 3758 354 3812 ut
364 3747 411 3812 ibi
426 3747 626 3811 industriam
642 3767 738 3812 suam
755 3755 923 3825 exerceat,
940 3746 1044 3811 modo
1060 3746 1255 3811 huiusmodi

136 3871 244 3934 opera
259 3859 391 3935 praeter
407 3851 686 3916 consuetudinem
705 3860 861 3934 suscepta
876 3852 938 3916 rite
952 3861 987 3916 et
1001 3850 1120 3914 ordine
1135 3868 1255 3932 geran-

135 3965 205 4032 tur,
221 3974 330 4037 neque
346 3957 480 4038 incepta
495 3955 636 4019 aliorum
664 3955 865 4039 impediant,
880 3954 937 4038 qui
954 3954 1039 4018 sorte
1062 3971 1148 4036 opus
1165 3953 1255 4017 idem

138 4060 215 4123 iure
239 4077 278 4122 ac
308 4058 509 4141 tempestive
536 4056 661 4124 suerint
690 4057 858 4141 aggressi:
885 4056 977 4140 quod
1010 4055 1038 4119 si
1070 4055 1258 4139 contigerit,
1283 4056 1432 4116 Quoeomnia

137 4179 245 4244 opem
261 4160 444 4224 secundam
472 4161 521 4224 eis
545 4159 704 4243 praebere
720 4180 779 4224 vos
803 4158 954 4224 addecet.
970 4195 1013 4208 -
1030 4157 1155 4242 Neque
1178 4178 1258 4222 vero
1281 4132 1293 4162 ⁰
1316 4117 1434 4248 „Jurlsszl

138 4283 282 4328 necesse
297 4274 348 4329 est
364 4284 425 4328 vos
442 4286 463 4329 a
480 4265 589 4330 Nobis
603 4265 739 4344 moneri,
756 4263 949 4330 lacultatem
965 4265 1100 4346 agendi,
1111 4281 1179 4347 qua
1197 4284 1257 4327 vos
1281 4239 1420 4342 {filma

1283 4370 1315 4400 coe
1326 4354 1373 4401 rite
1383 4353 1435 4399 sub·

138 4369 195 4433 uti
212 4367 262 4432 ias
278 4376 329 4432 est
345 4369 428 4433 citra
455 4389 512 4431 eos
528 4388 612 4452 quos
627 4369 777 4434 diximus
800 4367 893 4448 fines,
908 4368 1047 4452 obsequi
1072 4377 1108 4432 et
1123 4368 1258 4434 subesse
1285 4415 1365 4462 musa.
