<?xml version="1.0" encoding="UTF-8"?>
<!DOCTYPE html PUBLIC "-//W3C//DTD XHTML 1.0 Transitional//EN"
    "http://www.w3.org/TR/xhtml1/DTD/xhtml1-transitional.dtd">
<html xmlns="http://www.w3.org/1999/xhtml" xml:lang="en" lang="en">
 <head>
  <title>
</title>
<meta http-equiv="Content-Type" content="text/html;charset=utf-8" />
  <meta name='ocr-system' content='tesseract 3.04.00' />
  <meta name='ocr-capabilities' content='ocr_page ocr_carea ocr_par ocr_line ocrx_word'/>
</head>
<body>
  <div class='ocr_page' id='page_1' title='image "./sanctissimidomi02xiiigoog_0179.png"; bbox 0 0 3354 4938; ppageno 0'>
   <div class='ocr_carea' id='block_1_1' title="bbox 695 654 1204 738">
    <p class='ocr_par' dir='ltr' id='par_1_1' title="bbox 695 654 1204 738">
     <span class='ocr_line' id='line_1_1' title="bbox 695 654 1204 738; baseline 0.01 -24"><span class='ocrx_word' id='word_1_1' title='bbox 695 654 743 714; x_wconf 91' lang='lat' dir='ltr'><strong>ad</strong></span> <span class='ocrx_word' id='word_1_2' title='bbox 766 655 1005 720; x_wconf 80' lang='lat' dir='ltr'><strong>cardinalem</strong></span> <span class='ocrx_word' id='word_1_3' title='bbox 1028 659 1204 738; x_wconf 86' lang='lat' dir='ltr'><strong>Richard,</strong></span> 
     </span>
    </p>
   </div>
   <div class='ocr_carea' id='block_1_2' title="bbox 639 803 1246 880">
    <p class='ocr_par' dir='ltr' id='par_1_2' title="bbox 639 803 1246 880">
     <span class='ocr_line' id='line_1_2' title="bbox 639 803 1246 880; baseline 0.015 -19"><span class='ocrx_word' id='word_1_4' title='bbox 639 803 975 880; x_wconf 73' lang='lat' dir='ltr'><strong>archiepiscopum</strong></span> <span class='ocrx_word' id='word_1_5' title='bbox 999 808 1246 870; x_wconf 76' lang='lat' dir='ltr'><strong>parisiensem</strong></span> 
     </span>
    </p>
   </div>
   <div class='ocr_carea' id='block_1_3' title="bbox 406 913 1430 1050">
    <p class='ocr_par' dir='ltr' id='par_1_3' title="bbox 406 913 1471 1076">
     <span class='ocr_line' id='line_1_3' title="bbox 406 913 1430 1050; baseline -0.001 -17"><span class='ocrx_word' id='word_1_6' title='bbox 406 913 435 1050; x_wconf 59' lang='lat' dir='ltr'><strong>a}</strong></span> <span class='ocrx_word' id='word_1_7' title='bbox 467 968 531 1028; x_wconf 88' lang='lat' dir='ltr'><strong>DE</strong></span> <span class='ocrx_word' id='word_1_8' title='bbox 553 969 742 1032; x_wconf 80' lang='lat' dir='ltr'><strong>ALTERO</strong></span> <span class='ocrx_word' id='word_1_9' title='bbox 764 969 1035 1034; x_wconf 76' lang='lat' dir='ltr'><strong>D&#39;OCTORUM</strong></span> <span class='ocrx_word' id='word_1_10' title='bbox 1052 974 1284 1035; x_wconf 87' lang='lat' dir='ltr'>VIRORUM</span> <span class='ocrx_word' id='word_1_11' title='bbox 1307 973 1430 1035; x_wconf 83' lang='lat' dir='ltr'><strong>coii-</strong></span> 
     </span>
    </p>
   </div>
   <div class='ocr_carea' id='block_1_4' title="bbox 606 1135 1287 1201">
    <p class='ocr_par' dir='ltr' id='par_1_4' title="bbox 606 1135 1287 1201">
     <span class='ocr_line' id='line_1_4' title="bbox 606 1135 1287 1201; baseline 0.012 -8"><span class='ocrx_word' id='word_1_12' title='bbox 606 1135 768 1197; x_wconf 83' lang='lat' dir='ltr'><strong>VENTU</strong></span> <span class='ocrx_word' id='word_1_13' title='bbox 802 1137 1012 1199; x_wconf 84' lang='lat' dir='ltr'>PARISIIS</span> <span class='ocrx_word' id='word_1_14' title='bbox 1038 1139 1287 1201; x_wconf 81' lang='lat' dir='ltr'><strong>HABENDO.</strong></span> 
     </span>
    </p>
   </div>
   <div class='ocr_carea' id='block_1_5' title="bbox 235 1443 1501 1818">
    <p class='ocr_par' dir='ltr' id='par_1_5' title="bbox 235 1443 1501 1818">
     <span class='ocr_line' id='line_1_5' title="bbox 280 1449 1501 1538; baseline 0.004 -27"><span class='ocrx_word' id='word_1_15' title='bbox 280 1465 318 1538; x_wconf 26' lang='lat'><strong>1⁶!</strong></span> <span class='ocrx_word' id='word_1_16' title='bbox 587 1449 697 1516; x_wconf 90' lang='lat' dir='ltr'><strong>UUM</strong></span> <span class='ocrx_word' id='word_1_17' title='bbox 722 1459 839 1534; x_wconf 80' lang='lat' dir='ltr'><strong>gratae</strong></span> <span class='ocrx_word' id='word_1_18' title='bbox 864 1472 997 1535; x_wconf 84' lang='lat' dir='ltr'><strong>semper</strong></span> <span class='ocrx_word' id='word_1_19' title='bbox 1025 1451 1132 1518; x_wconf 89' lang='lat' dir='ltr'><strong>Nobis</strong></span> <span class='ocrx_word' id='word_1_20' title='bbox 1160 1453 1344 1519; x_wconf 83' lang='lat' dir='ltr'><strong>obveniant</strong></span> <span class='ocrx_word' id='word_1_21' title='bbox 1370 1452 1501 1518; x_wconf 83' lang='lat' dir='ltr'><strong>litterae</strong></span> 
     </span>
     <span class='ocr_line' id='line_1_6' title="bbox 235 1443 1499 1818; baseline -0.002 -196"><span class='ocrx_word' id='word_1_22' title='bbox 235 1527 359 1635; x_wconf 50' lang='lat' dir='ltr'><strong>‘uides&#39;</strong></span> <span class='ocrx_word' id='word_1_23' title='bbox 392 1443 580 1818; x_wconf 50' lang='lat' dir='ltr'><strong>{QZ}</strong></span> <span class='ocrx_word' id='word_1_24' title='bbox 606 1562 694 1632; x_wconf 90' lang='lat' dir='ltr'><strong>tuae,</strong></span> <span class='ocrx_word' id='word_1_25' title='bbox 709 1564 780 1619; x_wconf 89' lang='lat' dir='ltr'><strong>tum</strong></span> <span class='ocrx_word' id='word_1_26' title='bbox 797 1554 874 1619; x_wconf 90' lang='lat' dir='ltr'><strong>illae</strong></span> <span class='ocrx_word' id='word_1_27' title='bbox 892 1555 1085 1622; x_wconf 85' lang='lat' dir='ltr'><strong>aeciderunt</strong></span> <span class='ocrx_word' id='word_1_28' title='bbox 1100 1556 1311 1639; x_wconf 81' lang='lat' dir='ltr'><strong>gratissimae</strong></span> <span class='ocrx_word' id='word_1_29' title='bbox 1326 1576 1410 1640; x_wconf 88' lang='lat' dir='ltr'><strong>quas</strong></span> <span class='ocrx_word' id='word_1_30' title='bbox 1437 1555 1499 1620; x_wconf 89' lang='lat' dir='ltr'><strong>abs</strong></span> 
     </span>
     <span class='ocr_line' id='line_1_7' title="bbox 295 1657 1501 1742; baseline 0.002 -21"><span class='ocrx_word' id='word_1_31' title='bbox 295 1688 369 1734; x_wconf 53' lang='lat' dir='ltr'><strong>ome</strong></span> <span class='ocrx_word' id='word_1_32' title='bbox 606 1666 639 1722; x_wconf 92' lang='lat' dir='ltr'><strong>te</strong></span> <span class='ocrx_word' id='word_1_33' title='bbox 655 1676 762 1741; x_wconf 82' lang='lat' dir='ltr'><strong>prope</strong></span> <span class='ocrx_word' id='word_1_34' title='bbox 776 1657 906 1724; x_wconf 86' lang='lat' dir='ltr'><strong>exitum</strong></span> <span class='ocrx_word' id='word_1_35' title='bbox 924 1659 1096 1725; x_wconf 82' lang='lat' dir='ltr'><strong>Februarii</strong></span> <span class='ocrx_word' id='word_1_36' title='bbox 1112 1660 1236 1724; x_wconf 85' lang='lat' dir='ltr'><strong>mensis</strong></span> <span class='ocrx_word' id='word_1_37' title='bbox 1252 1661 1350 1727; x_wconf 88' lang='lat' dir='ltr'><strong>datas</strong></span> <span class='ocrx_word' id='word_1_38' title='bbox 1370 1659 1501 1742; x_wconf 88' lang='lat' dir='ltr'><strong>accepi-</strong></span> 
     </span>
    </p>
   </div>
   <div class='ocr_carea' id='block_1_6' title="bbox 214 1746 1503 1948">
    <p class='ocr_par' dir='ltr' id='par_1_6' title="bbox 219 1746 1503 1948">
     <span class='ocr_line' id='line_1_8' title="bbox 219 1746 1503 1850; baseline 0.005 -28.005"><span class='ocrx_word' id='word_1_39' title='bbox 219 1746 335 1850; x_wconf 66' lang='lat' dir='ltr'>s</span> <span class='ocrx_word' id='word_1_40' title='bbox 241 1759 291 1791; x_wconf 85' lang='lat'><strong><em>⁰</em></strong></span> <span class='ocrx_word' id='word_1_41' title='bbox 255 1746 333 1814; x_wconf 48' lang='lat' dir='ltr'><strong>&#39;‘is‘&#39;</strong></span> <span class='ocrx_word' id='word_1_42' title='bbox 606 1781 689 1826; x_wconf 90' lang='lat' dir='ltr'><strong>mus</strong></span> <span class='ocrx_word' id='word_1_43' title='bbox 707 1759 922 1828; x_wconf 75' lang='lat' dir='ltr'><strong>Nuntiabant</strong></span> <span class='ocrx_word' id='word_1_44' title='bbox 937 1763 1027 1827; x_wconf 89' lang='lat' dir='ltr'><strong>enim</strong></span> <span class='ocrx_word' id='word_1_45' title='bbox 1044 1762 1252 1847; x_wconf 87' lang='lat' dir='ltr'><strong>auspicatum</strong></span> <span class='ocrx_word' id='word_1_46' title='bbox 1269 1763 1318 1842; x_wconf 84' lang='lat' dir='ltr'><strong>iri,</strong></span> <span class='ocrx_word' id='word_1_47' title='bbox 1335 1772 1370 1828; x_wconf 90' lang='lat' dir='ltr'><strong>te</strong></span> <span class='ocrx_word' id='word_1_48' title='bbox 1384 1782 1503 1846; x_wconf 87' lang='lat' dir='ltr'><strong>praee-</strong></span> 
     </span>
     <span class='ocr_line' id='line_1_9' title="bbox 214 1865 1498 1948; baseline 0.002 -22.045"><span class='ocrx_word' id='word_1_49' title='bbox 214 1866 324 1920; x_wconf 62' lang='lat' dir='ltr'><strong>mxime</strong></span> <span class='ocrx_word' id='word_1_50' title='bbox 393 1873 483 1941; x_wconf 89' lang='lat' dir='ltr'><strong>unte,</strong></span> <span class='ocrx_word' id='word_1_51' title='bbox 506 1873 584 1948; x_wconf 89' lang='lat' dir='ltr'><strong>post</strong></span> <span class='ocrx_word' id='word_1_52' title='bbox 610 1865 827 1930; x_wconf 84' lang='lat' dir='ltr'><strong>solemniores</strong></span> <span class='ocrx_word' id='word_1_53' title='bbox 851 1865 1020 1948; x_wconf 88' lang='lat' dir='ltr'><strong>paschatis</strong></span> <span class='ocrx_word' id='word_1_54' title='bbox 1046 1867 1118 1932; x_wconf 90' lang='lat' dir='ltr'><strong>dies</strong></span> <span class='ocrx_word' id='word_1_55' title='bbox 1134 1875 1336 1932; x_wconf 90' lang='lat' dir='ltr'><strong>conventum</strong></span> <span class='ocrx_word' id='word_1_56' title='bbox 1353 1867 1498 1933; x_wconf 87' lang='lat' dir='ltr'><strong>alterum</strong></span> 
     </span>
    </p>
   </div>
   <div class='ocr_carea' id='block_1_7' title="bbox 214 1871 1498 2053">
    <p class='ocr_par' dir='ltr' id='par_1_7' title="bbox 214 1871 1498 2053">
     <span class='ocr_line' id='line_1_10' title="bbox 214 1871 1498 2053; baseline 0.004 -26.008"><span class='ocrx_word' id='word_1_57' title='bbox 214 1871 280 2027; x_wconf 56' lang='lat' dir='ltr'><strong>{aba</strong></span> <span class='ocrx_word' id='word_1_58' title='bbox 275 1925 367 2030; x_wconf 40' lang='lat' dir='ltr'><strong>&#39;&#39;diffi-</strong></span> <span class='ocrx_word' id='word_1_59' title='bbox 392 1968 537 2033; x_wconf 89' lang='lat' dir='ltr'><strong>virorum</strong></span> <span class='ocrx_word' id='word_1_60' title='bbox 554 1968 689 2053; x_wconf 88' lang='lat' dir='ltr'><strong>ingenio</strong></span> <span class='ocrx_word' id='word_1_61' title='bbox 705 1979 740 2034; x_wconf 88' lang='lat' dir='ltr'><strong>et</strong></span> <span class='ocrx_word' id='word_1_62' title='bbox 754 1970 906 2036; x_wconf 86' lang='lat' dir='ltr'><strong>doctrina</strong></span> <span class='ocrx_word' id='word_1_63' title='bbox 920 1971 1175 2053; x_wconf 85' lang='lat' dir='ltr'><strong>praestantium,</strong></span> <span class='ocrx_word' id='word_1_64' title='bbox 1190 1970 1237 2035; x_wconf 93' lang='lat' dir='ltr'><strong>illi</strong></span> <span class='ocrx_word' id='word_1_65' title='bbox 1262 1969 1418 2047; x_wconf 88' lang='lat' dir='ltr'><strong>similem</strong></span> <span class='ocrx_word' id='word_1_66' title='bbox 1440 1969 1498 2053; x_wconf 91' lang='lat' dir='ltr'><strong>qui</strong></span> 
     </span>
    </p>
   </div>
   <div class='ocr_carea' id='block_1_8' title="bbox 215 2048 1497 2986">
    <p class='ocr_par' dir='ltr' id='par_1_8' title="bbox 215 2048 1497 2467">
     <span class='ocr_line' id='line_1_11' title="bbox 215 2048 1496 2158; baseline 0.003 -24.067"><span class='ocrx_word' id='word_1_67' title='bbox 215 2048 300 2158; x_wconf 54' lang='lat' dir='ltr'><em>w</em></span> <span class='ocrx_word' id='word_1_68' title='bbox 329 2060 367 2088; x_wconf 72' lang='lat'><strong>‘²</strong></span> <span class='ocrx_word' id='word_1_69' title='bbox 392 2071 424 2134; x_wconf 89' lang='lat' dir='ltr'><strong>in</strong></span> <span class='ocrx_word' id='word_1_70' title='bbox 442 2071 507 2136; x_wconf 90' lang='lat' dir='ltr'><strong>ista</strong></span> <span class='ocrx_word' id='word_1_71' title='bbox 521 2072 657 2138; x_wconf 89' lang='lat' dir='ltr'><strong>civitate</strong></span> <span class='ocrx_word' id='word_1_72' title='bbox 671 2071 880 2156; x_wconf 82' lang='lat' dir='ltr'><strong>amplissima</strong></span> <span class='ocrx_word' id='word_1_73' title='bbox 891 2071 1013 2138; x_wconf 89' lang='lat' dir='ltr'><strong>abhinc</strong></span> <span class='ocrx_word' id='word_1_74' title='bbox 1025 2073 1206 2138; x_wconf 88' lang='lat' dir='ltr'><strong>triennium</strong></span> <span class='ocrx_word' id='word_1_75' title='bbox 1223 2071 1410 2139; x_wconf 86' lang='lat' dir='ltr'><strong>celebratus</strong></span> <span class='ocrx_word' id='word_1_76' title='bbox 1425 2072 1496 2138; x_wconf 87' lang='lat' dir='ltr'><strong>suit</strong></span> 
     </span>
     <span class='ocr_line' id='line_1_12' title="bbox 277 2175 1496 2261; baseline 0.002 -21"><span class='ocrx_word' id='word_1_77' title='bbox 277 2199 278 2208; x_wconf 53' lang='lat'>¹</span> <span class='ocrx_word' id='word_1_78' title='bbox 391 2175 504 2260; x_wconf 87' lang='lat' dir='ltr'><strong>Quum</strong></span> <span class='ocrx_word' id='word_1_79' title='bbox 533 2177 622 2259; x_wconf 92' lang='lat' dir='ltr'><strong>prior</strong></span> <span class='ocrx_word' id='word_1_80' title='bbox 648 2176 704 2241; x_wconf 86' lang='lat' dir='ltr'><strong>iiie</strong></span> <span class='ocrx_word' id='word_1_81' title='bbox 730 2175 986 2259; x_wconf 88' lang='lat' dir='ltr'><strong>probatissimus</strong></span> <span class='ocrx_word' id='word_1_82' title='bbox 1015 2177 1124 2241; x_wconf 91' lang='lat' dir='ltr'><strong>Nobis</strong></span> <span class='ocrx_word' id='word_1_83' title='bbox 1149 2176 1308 2254; x_wconf 78' lang='lat' dir='ltr'><strong>extiterit,</strong></span> <span class='ocrx_word' id='word_1_84' title='bbox 1335 2177 1496 2261; x_wconf 87' lang='lat' dir='ltr'><strong>nequibat</strong></span> 
     </span>
     <span class='ocr_line' id='line_1_13' title="bbox 390 2279 1497 2365; baseline 0.002 -22"><span class='ocrx_word' id='word_1_85' title='bbox 390 2279 464 2344; x_wconf 91' lang='lat' dir='ltr'><strong>Nos</strong></span> <span class='ocrx_word' id='word_1_86' title='bbox 490 2280 674 2346; x_wconf 88' lang='lat' dir='ltr'><strong>admodum</strong></span> <span class='ocrx_word' id='word_1_87' title='bbox 701 2280 773 2346; x_wconf 89' lang='lat' dir='ltr'><strong>eius</strong></span> <span class='ocrx_word' id='word_1_88' title='bbox 798 2279 931 2345; x_wconf 90' lang='lat' dir='ltr'><strong>iteratio</strong></span> <span class='ocrx_word' id='word_1_89' title='bbox 958 2299 1025 2344; x_wconf 92' lang='lat' dir='ltr'><strong>non</strong></span> <span class='ocrx_word' id='word_1_90' title='bbox 1048 2280 1217 2347; x_wconf 88' lang='lat' dir='ltr'><strong>delectari.</strong></span> <span class='ocrx_word' id='word_1_91' title='bbox 1231 2317 1276 2330; x_wconf 90' lang='lat'><em>-</em></span> <span class='ocrx_word' id='word_1_92' title='bbox 1291 2281 1370 2346; x_wconf 91' lang='lat' dir='ltr'><strong>Duo</strong></span> <span class='ocrx_word' id='word_1_93' title='bbox 1396 2299 1497 2365; x_wconf 93' lang='lat' dir='ltr'><strong>porro</strong></span> 
     </span>
     <span class='ocr_line' id='line_1_14' title="bbox 389 2382 1496 2467; baseline 0.002 -21"><span class='ocrx_word' id='word_1_94' title='bbox 389 2385 576 2449; x_wconf 88' lang='lat' dir='ltr'><strong>extiterunt</strong></span> <span class='ocrx_word' id='word_1_95' title='bbox 590 2403 678 2467; x_wconf 88' lang='lat' dir='ltr'><strong>quae</strong></span> <span class='ocrx_word' id='word_1_96' title='bbox 693 2385 851 2450; x_wconf 91' lang='lat' dir='ltr'><strong>nuncium</strong></span> <span class='ocrx_word' id='word_1_97' title='bbox 868 2393 937 2449; x_wconf 88' lang='lat' dir='ltr'><strong>ate</strong></span> <span class='ocrx_word' id='word_1_98' title='bbox 962 2383 1081 2450; x_wconf 88' lang='lat' dir='ltr'><strong>datum</strong></span> <span class='ocrx_word' id='word_1_99' title='bbox 1099 2382 1207 2450; x_wconf 88' lang='lat' dir='ltr'><strong>Nobis</strong></span> <span class='ocrx_word' id='word_1_100' title='bbox 1223 2385 1363 2450; x_wconf 84' lang='lat' dir='ltr'><strong>effecere</strong></span> <span class='ocrx_word' id='word_1_101' title='bbox 1378 2385 1496 2450; x_wconf 87' lang='lat' dir='ltr'><strong>iucun-</strong></span> 
     </span>
    </p>

    <p class='ocr_par' dir='ltr' id='par_1_9' title="bbox 386 2485 1496 2676">
     <span class='ocr_line' id='line_1_15' title="bbox 387 2485 1494 2572; baseline 0.001 -22"><span class='ocrx_word' id='word_1_102' title='bbox 387 2485 472 2552; x_wconf 89' lang='lat' dir='ltr'><strong>dius.</strong></span> <span class='ocrx_word' id='word_1_103' title='bbox 488 2485 663 2570; x_wconf 88' lang='lat' dir='ltr'><strong>Siquidem</strong></span> <span class='ocrx_word' id='word_1_104' title='bbox 690 2487 846 2567; x_wconf 86' lang='lat' dir='ltr'><strong>affirmas,</strong></span> <span class='ocrx_word' id='word_1_105' title='bbox 861 2488 1005 2554; x_wconf 89' lang='lat' dir='ltr'><strong>virorum</strong></span> <span class='ocrx_word' id='word_1_106' title='bbox 1030 2487 1217 2568; x_wconf 86' lang='lat' dir='ltr'><strong>consilium,</strong></span> <span class='ocrx_word' id='word_1_107' title='bbox 1239 2489 1299 2572; x_wconf 90' lang='lat' dir='ltr'><strong>qui</strong></span> <span class='ocrx_word' id='word_1_108' title='bbox 1320 2487 1416 2554; x_wconf 86' lang='lat' dir='ltr'><strong>huius</strong></span> <span class='ocrx_word' id='word_1_109' title='bbox 1443 2489 1494 2552; x_wconf 89' lang='lat' dir='ltr'><strong>rei</strong></span> 
     </span>
     <span class='ocr_line' id='line_1_16' title="bbox 386 2591 1496 2676; baseline 0.003 -24"><span class='ocrx_word' id='word_1_110' title='bbox 386 2591 554 2673; x_wconf 79' lang='lat' dir='ltr'><strong>gerendae</strong></span> <span class='ocrx_word' id='word_1_111' title='bbox 569 2609 683 2655; x_wconf 91' lang='lat' dir='ltr'><strong>curam</strong></span> <span class='ocrx_word' id='word_1_112' title='bbox 698 2610 883 2676; x_wconf 79' lang='lat' dir='ltr'><strong>suscepere,</strong></span> <span class='ocrx_word' id='word_1_113' title='bbox 909 2591 1049 2657; x_wconf 87' lang='lat' dir='ltr'><strong>memori</strong></span> <span class='ocrx_word' id='word_1_114' title='bbox 1076 2591 1217 2657; x_wconf 89' lang='lat' dir='ltr'><strong>retinere</strong></span> <span class='ocrx_word' id='word_1_115' title='bbox 1233 2592 1348 2658; x_wconf 90' lang='lat' dir='ltr'><strong>animo</strong></span> <span class='ocrx_word' id='word_1_116' title='bbox 1362 2601 1397 2658; x_wconf 88' lang='lat' dir='ltr'><strong>et</strong></span> <span class='ocrx_word' id='word_1_117' title='bbox 1421 2611 1496 2656; x_wconf 90' lang='lat' dir='ltr'><strong>ser-</strong></span> 
     </span>
    </p>

    <p class='ocr_par' dir='ltr' id='par_1_10' title="bbox 385 2693 1495 2771">
     <span class='ocr_line' id='line_1_17' title="bbox 385 2693 1495 2771; baseline 0.002 -14"><span class='ocrx_word' id='word_1_118' title='bbox 385 2693 455 2758; x_wconf 91' lang='lat' dir='ltr'><strong>vari</strong></span> <span class='ocrx_word' id='word_1_119' title='bbox 470 2704 662 2760; x_wconf 87' lang='lat' dir='ltr'><strong>curaturum</strong></span> <span class='ocrx_word' id='word_1_120' title='bbox 678 2695 880 2760; x_wconf 87' lang='lat' dir='ltr'><strong>documenta</strong></span> <span class='ocrx_word' id='word_1_121' title='bbox 896 2706 929 2760; x_wconf 89' lang='lat' dir='ltr'><strong>et</strong></span> <span class='ocrx_word' id='word_1_122' title='bbox 945 2694 1074 2761; x_wconf 89' lang='lat' dir='ltr'><strong>monita</strong></span> <span class='ocrx_word' id='word_1_123' title='bbox 1088 2695 1172 2760; x_wconf 88' lang='lat' dir='ltr'><strong>alias</strong></span> <span class='ocrx_word' id='word_1_124' title='bbox 1187 2715 1208 2760; x_wconf 88' lang='lat' dir='ltr'><strong>a</strong></span> <span class='ocrx_word' id='word_1_125' title='bbox 1223 2693 1332 2760; x_wconf 89' lang='lat' dir='ltr'><strong>Nobis</strong></span> <span class='ocrx_word' id='word_1_126' title='bbox 1354 2695 1495 2771; x_wconf 87' lang='lat' dir='ltr'><strong>tradita,</strong></span> 
     </span>
    </p>

    <p class='ocr_par' dir='ltr' id='par_1_11' title="bbox 385 2797 1491 2882">
     <span class='ocr_line' id='line_1_18' title="bbox 385 2797 1491 2882; baseline 0 -22"><span class='ocrx_word' id='word_1_127' title='bbox 385 2805 422 2861; x_wconf 93' lang='lat' dir='ltr'><strong>ut</strong></span> <span class='ocrx_word' id='word_1_128' title='bbox 446 2798 489 2861; x_wconf 92' lang='lat' dir='ltr'><strong>ad</strong></span> <span class='ocrx_word' id='word_1_129' title='bbox 516 2816 632 2862; x_wconf 90' lang='lat' dir='ltr'><strong>eorum</strong></span> <span class='ocrx_word' id='word_1_130' title='bbox 658 2817 810 2864; x_wconf 88' lang='lat' dir='ltr'><strong>normam</strong></span> <span class='ocrx_word' id='word_1_131' title='bbox 837 2799 1052 2882; x_wconf 87' lang='lat' dir='ltr'><strong>exigerentur</strong></span> <span class='ocrx_word' id='word_1_132' title='bbox 1067 2803 1155 2882; x_wconf 82' lang='lat' dir='ltr'><strong>quae</strong></span> <span class='ocrx_word' id='word_1_133' title='bbox 1176 2798 1308 2882; x_wconf 88' lang='lat' dir='ltr'><strong>agenda</strong></span> <span class='ocrx_word' id='word_1_134' title='bbox 1335 2805 1431 2862; x_wconf 87' lang='lat' dir='ltr'><strong>erant</strong></span> <span class='ocrx_word' id='word_1_135' title='bbox 1455 2797 1491 2860; x_wconf 88' lang='lat' dir='ltr'><strong>in</strong></span> 
     </span>
    </p>

    <p class='ocr_par' dir='ltr' id='par_1_12' title="bbox 383 2897 1494 2986">
     <span class='ocr_line' id='line_1_19' title="bbox 383 2897 1494 2986; baseline 0 -22"><span class='ocrx_word' id='word_1_136' title='bbox 383 2901 492 2982; x_wconf 88' lang='lat' dir='ltr'><strong>priore</strong></span> <span class='ocrx_word' id='word_1_137' title='bbox 507 2910 683 2967; x_wconf 86' lang='lat' dir='ltr'><strong>conventu.</strong></span> <span class='ocrx_word' id='word_1_138' title='bbox 701 2902 844 2985; x_wconf 88' lang='lat' dir='ltr'><strong>Insuper</strong></span> <span class='ocrx_word' id='word_1_139' title='bbox 859 2901 984 2967; x_wconf 89' lang='lat' dir='ltr'><strong>laetam</strong></span> <span class='ocrx_word' id='word_1_140' title='bbox 1001 2921 1095 2986; x_wconf 87' lang='lat' dir='ltr'><strong>spem</strong></span> <span class='ocrx_word' id='word_1_141' title='bbox 1119 2901 1270 2967; x_wconf 87' lang='lat' dir='ltr'><strong>ostendis</strong></span> <span class='ocrx_word' id='word_1_142' title='bbox 1289 2900 1401 2984; x_wconf 84' lang='lat' dir='ltr'><strong>plures</strong></span> <span class='ocrx_word' id='word_1_143' title='bbox 1423 2897 1494 2964; x_wconf 86' lang='lat' dir='ltr'><strong>iore</strong></span> 
     </span>
    </p>
   </div>
   <div class='ocr_carea' id='block_1_9' title="bbox 383 3003 1494 3090">
    <p class='ocr_par' dir='ltr' id='par_1_13' title="bbox 383 3003 1494 3090">
     <span class='ocr_line' id='line_1_20' title="bbox 383 3003 1494 3090; baseline -0.005 -19"><span class='ocrx_word' id='word_1_144' title='bbox 383 3007 502 3071; x_wconf 90' lang='lat' dir='ltr'><strong>doctos</strong></span> <span class='ocrx_word' id='word_1_145' title='bbox 516 3006 606 3070; x_wconf 89' lang='lat' dir='ltr'><strong>viros</strong></span> <span class='ocrx_word' id='word_1_146' title='bbox 630 3007 687 3090; x_wconf 91' lang='lat' dir='ltr'><strong>qui</strong></span> <span class='ocrx_word' id='word_1_147' title='bbox 713 3005 777 3071; x_wconf 93' lang='lat' dir='ltr'><strong>hoc</strong></span> <span class='ocrx_word' id='word_1_148' title='bbox 793 3025 884 3072; x_wconf 92' lang='lat' dir='ltr'><strong>anno</strong></span> <span class='ocrx_word' id='word_1_149' title='bbox 898 3015 1009 3072; x_wconf 87' lang='lat' dir='ltr'><strong>tecum</strong></span> <span class='ocrx_word' id='word_1_150' title='bbox 1026 3006 1236 3088; x_wconf 87' lang='lat' dir='ltr'><strong>congressuri</strong></span> <span class='ocrx_word' id='word_1_151' title='bbox 1252 3014 1332 3070; x_wconf 90' lang='lat' dir='ltr'><strong>sunt</strong></span> <span class='ocrx_word' id='word_1_152' title='bbox 1356 3023 1437 3088; x_wconf 92' lang='lat' dir='ltr'><strong>prae</strong></span> <span class='ocrx_word' id='word_1_153' title='bbox 1451 3003 1494 3066; x_wconf 91' lang='lat' dir='ltr'><strong>iis</strong></span> 
     </span>
    </p>
   </div>
   <div class='ocr_carea' id='block_1_10' title="bbox 140 3102 1494 4324">
    <p class='ocr_par' dir='ltr' id='par_1_14' title="bbox 383 3102 1494 3398">
     <span class='ocr_line' id='line_1_21' title="bbox 383 3102 1494 3191; baseline -0.003 -21"><span class='ocrx_word' id='word_1_154' title='bbox 383 3107 440 3188; x_wconf 89' lang='lat' dir='ltr'><strong>qui</strong></span> <span class='ocrx_word' id='word_1_155' title='bbox 457 3116 536 3170; x_wconf 88' lang='lat' dir='ltr'><strong>ante</strong></span> <span class='ocrx_word' id='word_1_156' title='bbox 550 3107 730 3171; x_wconf 90' lang='lat' dir='ltr'><strong>triennium</strong></span> <span class='ocrx_word' id='word_1_157' title='bbox 747 3106 821 3172; x_wconf 85' lang='lat' dir='ltr'><strong>istic</strong></span> <span class='ocrx_word' id='word_1_158' title='bbox 836 3107 974 3172; x_wconf 86' lang='lat' dir='ltr'><strong>coivere.</strong></span> <span class='ocrx_word' id='word_1_159' title='bbox 992 3105 1099 3190; x_wconf 91' lang='lat' dir='ltr'><strong>Atqui</strong></span> <span class='ocrx_word' id='word_1_160' title='bbox 1115 3106 1179 3171; x_wconf 88' lang='lat' dir='ltr'><strong>hoc</strong></span> <span class='ocrx_word' id='word_1_161' title='bbox 1195 3105 1410 3191; x_wconf 85' lang='lat' dir='ltr'><strong>splendidum</strong></span> <span class='ocrx_word' id='word_1_162' title='bbox 1428 3102 1494 3168; x_wconf 87' lang='lat' dir='ltr'><strong>erit</strong></span> 
     </span>
     <span class='ocr_line' id='line_1_22' title="bbox 383 3206 1493 3294; baseline -0.004 -20"><span class='ocrx_word' id='word_1_163' title='bbox 383 3210 613 3276; x_wconf 89' lang='lat' dir='ltr'><strong>testimonium</strong></span> <span class='ocrx_word' id='word_1_164' title='bbox 629 3210 781 3293; x_wconf 90' lang='lat' dir='ltr'><strong>obsequii</strong></span> <span class='ocrx_word' id='word_1_165' title='bbox 796 3211 888 3294; x_wconf 91' lang='lat' dir='ltr'><strong>quod</strong></span> <span class='ocrx_word' id='word_1_166' title='bbox 904 3211 964 3274; x_wconf 91' lang='lat' dir='ltr'><strong>viri</strong></span> <span class='ocrx_word' id='word_1_167' title='bbox 981 3209 1125 3275; x_wconf 87' lang='lat' dir='ltr'><strong>illustres</strong></span> <span class='ocrx_word' id='word_1_168' title='bbox 1140 3209 1308 3275; x_wconf 87' lang='lat' dir='ltr'><strong>humanae</strong></span> <span class='ocrx_word' id='word_1_169' title='bbox 1330 3206 1493 3274; x_wconf 89' lang='lat' dir='ltr'><strong>scientiae</strong></span> 
     </span>
     <span class='ocr_line' id='line_1_23' title="bbox 384 3311 1494 3398; baseline 0 -22"><span class='ocrx_word' id='word_1_170' title='bbox 384 3313 565 3379; x_wconf 88' lang='lat' dir='ltr'><strong>luminibus</strong></span> <span class='ocrx_word' id='word_1_171' title='bbox 581 3314 790 3380; x_wconf 83' lang='lat' dir='ltr'><strong>exhibebunt</strong></span> <span class='ocrx_word' id='word_1_172' title='bbox 815 3314 950 3380; x_wconf 89' lang='lat' dir='ltr'><strong>divinae</strong></span> <span class='ocrx_word' id='word_1_173' title='bbox 976 3313 1042 3378; x_wconf 87' lang='lat' dir='ltr'><strong>luci</strong></span> <span class='ocrx_word' id='word_1_174' title='bbox 1066 3333 1135 3398; x_wconf 92' lang='lat' dir='ltr'><strong>qua</strong></span> <span class='ocrx_word' id='word_1_175' title='bbox 1149 3312 1256 3398; x_wconf 81' lang='lat' dir='ltr'><strong>fulget</strong></span> <span class='ocrx_word' id='word_1_176' title='bbox 1273 3311 1433 3378; x_wconf 87' lang='lat' dir='ltr'><strong>Ecclesia.</strong></span> <span class='ocrx_word' id='word_1_177' title='bbox 1448 3347 1494 3359; x_wconf 93' lang='lat'>—</span> 
     </span>
    </p>

    <p class='ocr_par' dir='ltr' id='par_1_15' title="bbox 140 3416 1493 4221">
     <span class='ocr_line' id='line_1_24' title="bbox 210 3416 1493 3568; baseline 0 -89"><span class='ocrx_word' id='word_1_178' title='bbox 210 3467 294 3568; x_wconf 37' lang='lat' dir='ltr'><strong>mem</strong></span> <span class='ocrx_word' id='word_1_179' title='bbox 257 3473 361 3568; x_wconf 75' lang='grc' dir='ltr'><em>νννννννν</em></span> <span class='ocrx_word' id='word_1_180' title='bbox 386 3417 478 3480; x_wconf 90' lang='lat' dir='ltr'><strong>Nihil</strong></span> <span class='ocrx_word' id='word_1_181' title='bbox 491 3427 603 3482; x_wconf 89' lang='lat' dir='ltr'><strong>autem</strong></span> <span class='ocrx_word' id='word_1_182' title='bbox 615 3418 699 3482; x_wconf 92' lang='lat' dir='ltr'><strong>hoc</strong></span> <span class='ocrx_word' id='word_1_183' title='bbox 689 3427 778 3484; x_wconf 77' lang='lat' dir='ltr'><strong>iusto</strong></span> <span class='ocrx_word' id='word_1_184' title='bbox 787 3418 949 3500; x_wconf 81' lang='lat' dir='ltr'><strong>obsequio</strong></span> <span class='ocrx_word' id='word_1_185' title='bbox 961 3437 1134 3483; x_wconf 87' lang='lat' dir='ltr'><strong>censemus</strong></span> <span class='ocrx_word' id='word_1_186' title='bbox 1145 3416 1223 3482; x_wconf 83' lang='lat' dir='ltr'><strong>huic</strong></span> <span class='ocrx_word' id='word_1_187' title='bbox 1235 3417 1338 3482; x_wconf 82' lang='lat' dir='ltr'><strong>aetati</strong></span> <span class='ocrx_word' id='word_1_188' title='bbox 1355 3425 1493 3480; x_wconf 87' lang='lat' dir='ltr'><strong>nostrae</strong></span> 
     </span>
     <span class='ocr_line' id='line_1_25' title="bbox 333 3518 1493 3603; baseline 0.001 -23.016"><span class='ocrx_word' id='word_1_189' title='bbox 333 3532 361 3570; x_wconf 74' lang='lat' dir='ltr'><strong>ut</strong></span> <span class='ocrx_word' id='word_1_190' title='bbox 385 3519 615 3602; x_wconf 91' lang='lat' dir='ltr'><strong>opportunius.</strong></span> <span class='ocrx_word' id='word_1_191' title='bbox 632 3518 751 3585; x_wconf 91' lang='lat' dir='ltr'><strong>Solent</strong></span> <span class='ocrx_word' id='word_1_192' title='bbox 773 3521 863 3585; x_wconf 87' lang='lat' dir='ltr'><strong>enirn</strong></span> <span class='ocrx_word' id='word_1_193' title='bbox 878 3520 1059 3585; x_wconf 90' lang='lat' dir='ltr'><strong>homines</strong></span> <span class='ocrx_word' id='word_1_194' title='bbox 1048 3520 1143 3603; x_wconf 80' lang='lat' dir='ltr'><strong>impii</strong></span> <span class='ocrx_word' id='word_1_195' title='bbox 1168 3519 1360 3603; x_wconf 85' lang='lat' dir='ltr'><strong>arrogantia</strong></span> <span class='ocrx_word' id='word_1_196' title='bbox 1382 3518 1493 3602; x_wconf 88' lang='lat' dir='ltr'><strong>magis</strong></span> 
     </span>
     <span class='ocr_line' id='line_1_26' title="bbox 208 3584 1491 3708; baseline 0 -22"><span class='ocrx_word' id='word_1_197' title='bbox 208 3584 360 3690; x_wconf 54' lang='lat' dir='ltr'><strong>&#39;mepssoec</strong></span> <span class='ocrx_word' id='word_1_198' title='bbox 334 3642 485 3707; x_wconf 73' lang='lat' dir='ltr'><strong>aquam</strong></span> <span class='ocrx_word' id='word_1_199' title='bbox 511 3623 619 3688; x_wconf 90' lang='lat' dir='ltr'><strong>solida</strong></span> <span class='ocrx_word' id='word_1_200' title='bbox 643 3644 751 3690; x_wconf 88' lang='lat' dir='ltr'><strong>rerum</strong></span> <span class='ocrx_word' id='word_1_201' title='bbox 767 3624 887 3708; x_wconf 88' lang='lat' dir='ltr'><strong>peritia</strong></span> <span class='ocrx_word' id='word_1_202' title='bbox 902 3625 980 3691; x_wconf 88' lang='lat' dir='ltr'><strong>elati</strong></span> <span class='ocrx_word' id='word_1_203' title='bbox 1006 3625 1166 3691; x_wconf 86' lang='lat' dir='ltr'><strong>scientiae</strong></span> <span class='ocrx_word' id='word_1_204' title='bbox 1182 3623 1320 3689; x_wconf 86' lang='lat' dir='ltr'><strong>nomine</strong></span> <span class='ocrx_word' id='word_1_205' title='bbox 1334 3622 1429 3688; x_wconf 88' lang='lat' dir='ltr'><strong>abuti</strong></span> <span class='ocrx_word' id='word_1_206' title='bbox 1453 3630 1491 3686; x_wconf 91' lang='lat' dir='ltr'><strong>ut</strong></span> 
     </span>
     <span class='ocr_line' id='line_1_27' title="bbox 209 3707 1491 3841; baseline 0.001 -50"><span class='ocrx_word' id='word_1_207' title='bbox 209 3707 247 3747; x_wconf 70' lang='lat'><strong>“¹⁸</strong></span> <span class='ocrx_word' id='word_1_208' title='bbox 384 3725 589 3811; x_wconf 87' lang='lat' dir='ltr'><strong>praeclaram</strong></span> <span class='ocrx_word' id='word_1_209' title='bbox 620 3727 727 3792; x_wconf 88' lang='lat' dir='ltr'><strong>iucem</strong></span> <span class='ocrx_word' id='word_1_210' title='bbox 754 3727 939 3793; x_wconf 87' lang='lat' dir='ltr'><strong>catholicae</strong></span> <span class='ocrx_word' id='word_1_211' title='bbox 969 3728 1119 3794; x_wconf 89' lang='lat' dir='ltr'><strong>veritatis</strong></span> <span class='ocrx_word' id='word_1_212' title='bbox 1149 3728 1338 3794; x_wconf 87' lang='lat' dir='ltr'><strong>obscurent.</strong></span> <span class='ocrx_word' id='word_1_213' title='bbox 1369 3727 1491 3841; x_wconf 85' lang='lat' dir='ltr'><strong>Neque</strong></span> 
     </span>
     <span class='ocr_line' id='line_1_28' title="bbox 140 3827 1493 3912; baseline -0.001 -20"><span class='ocrx_word' id='word_1_214' title='bbox 140 3863 142 3868; x_wconf 67' lang='lat'>,</span> <span class='ocrx_word' id='word_1_215' title='bbox 209 3863 358 3910; x_wconf 56' lang='lat' dir='ltr'><strong>soh-dm,</strong></span> <span class='ocrx_word' id='word_1_216' title='bbox 383 3847 462 3893; x_wconf 90' lang='lat' dir='ltr'><strong>vero</strong></span> <span class='ocrx_word' id='word_1_217' title='bbox 477 3827 679 3910; x_wconf 88' lang='lat' dir='ltr'><strong>ambigimus</strong></span> <span class='ocrx_word' id='word_1_218' title='bbox 695 3827 775 3911; x_wconf 91' lang='lat' dir='ltr'><strong>quin</strong></span> <span class='ocrx_word' id='word_1_219' title='bbox 792 3847 962 3893; x_wconf 88' lang='lat' dir='ltr'><strong>sermones</strong></span> <span class='ocrx_word' id='word_1_220' title='bbox 977 3837 1012 3893; x_wconf 89' lang='lat' dir='ltr'><strong>et</strong></span> <span class='ocrx_word' id='word_1_221' title='bbox 1027 3829 1151 3911; x_wconf 89' lang='lat' dir='ltr'><strong>scripta</strong></span> <span class='ocrx_word' id='word_1_222' title='bbox 1177 3827 1387 3912; x_wconf 88' lang='lat' dir='ltr'><strong>egregiorum</strong></span> <span class='ocrx_word' id='word_1_223' title='bbox 1403 3828 1493 3891; x_wconf 90' lang='lat' dir='ltr'><strong>viro-</strong></span> 
     </span>
     <span class='ocr_line' id='line_1_29' title="bbox 208 3923 1490 4027; baseline 0 -35"><span class='ocrx_word' id='word_1_224' title='bbox 208 3923 302 4026; x_wconf 57' lang='grc' dir='ltr'><strong>ξζνξξννν</strong></span> <span class='ocrx_word' id='word_1_225' title='bbox 322 3925 359 4027; x_wconf 53' lang='grc' dir='ltr'><strong>’νζ</strong></span> <span class='ocrx_word' id='word_1_226' title='bbox 384 3951 456 3994; x_wconf 89' lang='lat' dir='ltr'><strong>rum</strong></span> <span class='ocrx_word' id='word_1_227' title='bbox 478 3931 536 4014; x_wconf 93' lang='lat' dir='ltr'><strong>qui</strong></span> <span class='ocrx_word' id='word_1_228' title='bbox 562 3931 648 3995; x_wconf 88' lang='lat' dir='ltr'><strong>istuc</strong></span> <span class='ocrx_word' id='word_1_229' title='bbox 670 3930 872 3996; x_wconf 87' lang='lat' dir='ltr'><strong>convenient</strong></span> <span class='ocrx_word' id='word_1_230' title='bbox 888 3949 1011 3996; x_wconf 89' lang='lat' dir='ltr'><strong>novum</strong></span> <span class='ocrx_word' id='word_1_231' title='bbox 1027 3929 1220 4013; x_wconf 86' lang='lat' dir='ltr'><strong>praebitura</strong></span> <span class='ocrx_word' id='word_1_232' title='bbox 1235 3931 1303 3995; x_wconf 89' lang='lat' dir='ltr'><strong>sint</strong></span> <span class='ocrx_word' id='word_1_233' title='bbox 1318 3947 1490 3994; x_wconf 89' lang='lat' dir='ltr'><strong>armorum</strong></span> 
     </span>
     <span class='ocr_line' id='line_1_30' title="bbox 204 4031 1490 4116; baseline 0.001 -19"><span class='ocrx_word' id='word_1_234' title='bbox 204 4040 338 4097; x_wconf 64' lang='lat' dir='ltr'><strong>pellantur·</strong></span> <span class='ocrx_word' id='word_1_235' title='bbox 384 4031 581 4098; x_wconf 87' lang='lat' dir='ltr'><strong>instructum</strong></span> <span class='ocrx_word' id='word_1_236' title='bbox 610 4033 649 4097; x_wconf 86' lang='lat' dir='ltr'><strong>iis</strong></span> <span class='ocrx_word' id='word_1_237' title='bbox 673 4031 730 4116; x_wconf 90' lang='lat' dir='ltr'><strong>qui</strong></span> <span class='ocrx_word' id='word_1_238' title='bbox 758 4052 866 4098; x_wconf 91' lang='lat' dir='ltr'><strong>rerum</strong></span> <span class='ocrx_word' id='word_1_239' title='bbox 887 4033 1075 4099; x_wconf 86' lang='lat' dir='ltr'><strong>divinarum</strong></span> <span class='ocrx_word' id='word_1_240' title='bbox 1093 4033 1212 4097; x_wconf 90' lang='lat' dir='ltr'><strong>studiis</strong></span> <span class='ocrx_word' id='word_1_241' title='bbox 1228 4033 1354 4099; x_wconf 90' lang='lat' dir='ltr'><strong>addicti</strong></span> <span class='ocrx_word' id='word_1_242' title='bbox 1370 4041 1490 4098; x_wconf 89' lang='lat' dir='ltr'><strong>contra</strong></span> 
     </span>
     <span class='ocr_line' id='line_1_31' title="bbox 384 4135 1491 4221; baseline 0.002 -23"><span class='ocrx_word' id='word_1_243' title='bbox 384 4135 611 4218; x_wconf 90' lang='lat' dir='ltr'><strong>improborum</strong></span> <span class='ocrx_word' id='word_1_244' title='bbox 636 4136 784 4202; x_wconf 81' lang='lat' dir='ltr'><strong>fallacias</strong></span> <span class='ocrx_word' id='word_1_245' title='bbox 810 4156 871 4220; x_wconf 89' lang='lat' dir='ltr'><strong>pro</strong></span> <span class='ocrx_word' id='word_1_246' title='bbox 887 4137 1027 4203; x_wconf 84' lang='lat' dir='ltr'><strong>veritate</strong></span> <span class='ocrx_word' id='word_1_247' title='bbox 1050 4137 1233 4204; x_wconf 87' lang='lat' dir='ltr'><strong>decertant.</strong></span> <span class='ocrx_word' id='word_1_248' title='bbox 1249 4175 1293 4187; x_wconf 90' lang='lat'>-</span> <span class='ocrx_word' id='word_1_249' title='bbox 1309 4137 1430 4221; x_wconf 89' lang='lat' dir='ltr'><strong>Itaque</strong></span> <span class='ocrx_word' id='word_1_250' title='bbox 1445 4148 1491 4214; x_wconf 87' lang='lat' dir='ltr'><strong>te,</strong></span> 
     </span>
    </p>

    <p class='ocr_par' dir='ltr' id='par_1_16' title="bbox 384 4239 1489 4324">
     <span class='ocr_line' id='line_1_32' title="bbox 384 4239 1489 4324; baseline 0 -21"><span class='ocrx_word' id='word_1_251' title='bbox 384 4240 503 4304; x_wconf 91' lang='lat' dir='ltr'><strong>dilecte</strong></span> <span class='ocrx_word' id='word_1_252' title='bbox 534 4239 580 4304; x_wconf 86' lang='lat' dir='ltr'><strong>fiii</strong></span> <span class='ocrx_word' id='word_1_253' title='bbox 610 4241 744 4318; x_wconf 86' lang='lat' dir='ltr'><strong>Noster,</strong></span> <span class='ocrx_word' id='word_1_254' title='bbox 774 4240 951 4306; x_wconf 91' lang='lat' dir='ltr'><strong>consilium</strong></span> <span class='ocrx_word' id='word_1_255' title='bbox 982 4240 1144 4308; x_wconf 87' lang='lat' dir='ltr'><strong>lectorum</strong></span> <span class='ocrx_word' id='word_1_256' title='bbox 1174 4242 1330 4319; x_wconf 86' lang='lat' dir='ltr'><strong>virorum,</strong></span> <span class='ocrx_word' id='word_1_257' title='bbox 1363 4239 1489 4324; x_wconf 84' lang='lat' dir='ltr'><strong>quibus</strong></span> 
     </span>
    </p>
   </div>
   <div class='ocr_carea' id='block_1_11' title="bbox 384 4345 1491 4428">
    <p class='ocr_par' dir='ltr' id='par_1_17' title="bbox 384 4345 1491 4428">
     <span class='ocr_line' id='line_1_33' title="bbox 384 4345 1491 4428; baseline 0.002 -22"><span class='ocrx_word' id='word_1_258' title='bbox 384 4362 481 4407; x_wconf 86' lang='lat' dir='ltr'><strong>curae</strong></span> <span class='ocrx_word' id='word_1_259' title='bbox 511 4353 562 4409; x_wconf 88' lang='lat' dir='ltr'><strong>est</strong></span> <span class='ocrx_word' id='word_1_260' title='bbox 592 4355 629 4410; x_wconf 92' lang='lat' dir='ltr'><strong>ut</strong></span> <span class='ocrx_word' id='word_1_261' title='bbox 658 4353 748 4410; x_wconf 88' lang='lat' dir='ltr'><strong>recte</strong></span> <span class='ocrx_word' id='word_1_262' title='bbox 778 4353 878 4428; x_wconf 86' lang='lat' dir='ltr'><strong>atque</strong></span> <span class='ocrx_word' id='word_1_263' title='bbox 904 4345 1021 4411; x_wconf 88' lang='lat' dir='ltr'><strong>ordine</strong></span> <span class='ocrx_word' id='word_1_264' title='bbox 1047 4355 1231 4412; x_wconf 89' lang='lat' dir='ltr'><strong>conventus</strong></span> <span class='ocrx_word' id='word_1_265' title='bbox 1255 4345 1428 4422; x_wconf 87' lang='lat' dir='ltr'><strong>habeatur,</strong></span> <span class='ocrx_word' id='word_1_266' title='bbox 1452 4353 1491 4408; x_wconf 93' lang='lat' dir='ltr'><strong>et</strong></span> 
     </span>
    </p>
   </div>
   <div class='ocr_carea' id='block_1_12' title="bbox 0 0 1682 4938">
    <p class='ocr_par' dir='ltr' id='par_1_18' title="bbox 0 0 1682 4938">
     <span class='ocr_line' id='line_1_34' title="bbox 0 0 1682 4938; baseline 0 6"><span class='ocrx_word' id='word_1_267' title='bbox 0 0 1682 4938; x_wconf 95' lang='lat' dir='ltr'><strong> </strong></span> 
     </span>
    </p>
   </div>
  </div>
 </body>
</html>
