3352 4926
521 279 642 330 ruosx
669 279 918 331 nuaovrrcus.
1202 279 1272 349 293

1219 422 1273 473 aaz.

233 504 315 558 sione
326 501 515 558 dedicationis
528 503 611 573 hujus
621 501 749 558 basilicae
761 503 912 557 lucrandas
925 501 1049 572 benigne
1070 500 1201 558 concedit

237 596 293 652 175.
306 610 342 621 -
355 582 501 636 Christum
515 599 566 650 pro
578 583 671 636 salute
684 581 785 638 Galliae
797 583 967 651 deprecatur
983 579 1040 648 176.

197 693 251 744 48.
273 693 477 744 LITTERAE
497 693 753 746 ENCYCLICAE
776 695 819 745 ad
833 695 1052 753 patriarchas,
1069 695 1202 743 Prima-

157 787 218 841 tes‚
235 781 504 843 archiepiscopos
516 785 548 832 et
567 783 745 844 Eplsoopos
762 784 935 833 universos
947 782 1100 832 catholici
1114 780 1202 831 orbis

158 869 302 933 gratiam
315 872 347 919 at
359 869 629 920 communionem
641 883 721 921 oum
735 872 922 933 apostolica
936 871 1016 921 Sede
1031 869 1198 919 habentes.

160 957 211 1007 De
224 956 412 1006 conditione
424 958 692 1019 optusum—15
706 959 790 1008 mall
803 957 914 1008 1891...
1221 963 1271 1016 177

268 1059 457 1114 Exoantvm.
479 1058 698 1113 OEconomicum
711 1068 867 1128 certamen,
888 1057 1038 1128 multiplici
1056 1057 1135 1113 fonte
1155 1074 1200 1112 or·

232 1147 301 1206 tum,
314 1136 498 1208 omniumque
510 1136 605 1193 studia
618 1154 730 1192 summe
747 1147 858 1206 tenens,
870 1149 965 1193 movet
990 1136 1158 1192 Pontificem
1170 1146 1201 1191 ut

233 1216 383 1271 instantius
396 1217 429 1268 de
438 1217 595 1271 conditione
606 1217 738 1288 opificum
750 1219 883 1288 loquatur
894 1231 989 1284 177.-
995 1219 1068 1272 Rem
1081 1215 1200 1272 arduam

231 1295 357 1350 simulet
378 1294 567 1365 periculosam
580 1307 777 1366 suscepturum
800 1307 881 1366 urget
894 1297 1063 1351 miserorum
1083 1295 1201 1365 indigna

233 1376 345 1429 fortuna
372 1373 511 1440 177-178.
537 1403 573 1414 ·-
597 1380 709 1432 Status
732 1378 908 1446 quaestionis.
936 1374 1094 1431 Deterioris
1116 1374 1200 1432 sortis

234 1451 368 1524 opificum
382 1468 477 1506 causae
487 1466 670 1508 recensentur
683 1455 741 1520 178.

270 1533 282 1586 1
299 1533 381 1586 Pras
394 1543 612 1587 1111111111.-
625 1534 710 1588 Matr
724 1545 862 1589 snuarro
876 1547 895 1588 a
908 1545 1095 1590 socinursuo
1108 1545 1200 1588 111111)

234 1623 382 1666 Parmos
399 1611 456 1676 178.
469 1641 505 1652 -
518 1611 660 1667 Definitur
673 1612 852 1668 socialismus
868 1613 926 1681 178.
940 1643 973 1653 -
985 1611 1201 1669 Socialistarum

234 1689 306 1746 ratio
319 1700 363 1744 est
378 1695 405 1743 1⁰
417 1691 521 1760 r'nepta,
539 1697 569 1744 2⁰
580 1691 698 1761 inflata,
712 1699 741 1761 3⁰
752 1693 921 1747 subversiva
937 1693 994 1759 178.
1008 1722 1043 1732 —
1059 1699 1084 1746 1ο
1099 1693 1202 1762 Inepta

234 1779 286 1838 est,
298 1786 365 1823 uam
378 1767 515 1824 dirimens
525 1771 572 1840 jus
583 1771 759 1826 collocandae
773 1771 913 1827 mercedis
926 1771 955 1827 in
974 1771 1082 1842 praedio
1095 1780 1124 1826 ut
1137 1786 1200 1841 pro·

235 1847 296 1918 prio
308 1847 491 1918 possidendo,
504 1848 599 1920 opifici
613 1867 693 1918 spem
706 1851 806 1906 adimit
816 1851 942 1906 melioris
955 1849 1039 1906 sortis
1049 1866 1136 1920 opera
1149 1867 1201 1906 sua

235 1927 416 1998 acquirendae
432 1929 555 1997 178-179.
567 1957 602 1968 -
612 1937 641 1984 2⁰
653 1929 768 1999 Injusta
780 1941 833 1998 est,
850 1945 917 1984 nam
930 1930 1078 2000 possidere
1087 1945 1133 1984 res
1145 1928 1200 2000 pri·

235 2008 323 2061 vatim
336 2018 366 2060 ut
377 2023 452 2075 suas,
463 2007 511 2077 jus
524 2019 567 2063 est
580 2007 688 2063 homini
702 2025 719 2062 a
732 2019 833 2064 natura
847 2009 944 2065 datum
958 2023 1015 2078 179.
1025 2037 1061 2048 -
1073 2011 1201 2063 Demon-

234 2096 338 2141 stratur
354 2086 409 2140 hoc
418 2087 465 2155 jus
481 2086 513 2154 1¹)
522 2089 683 2142 indrbrilmi
691 2099 862 2158 competere,
875 2088 908 2158 a)
919 2090 984 2143 Hoc
997 2089 1114 2142 interest
1126 2087 1201 2143 inter

233 2167 342 2220 belluas
354 2175 382 2220 et
391 2165 624 2236 hominem‚quod
634 2167 690 2221 illae
698 2184 792 2223 rerum
801 2183 1002 2238 corporearum
1012 2184 1064 2222 usu
1072 2167 1199 2220 fruantur

234 2255 357 2308 tantum;
371 2243 417 2299 hic
438 2255 541 2314 autem,
554 2245 672 2300 rationis
685 2246 837 2317 particeps,
856 2247 971 2316 insuper
984 2263 1018 2300 ea
1031 2243 1085 2300 sibi
1105 2244 1200 2300 stabili

233 2323 415 2394 possessione
428 2325 560 2396 subjiciat
576 2339 633 2396 179.
643 2325 676 2393 b)
687 2326 820 2396 Seipsum
834 2327 997 2397 gubernans
1007 2325 1126 2380 consilio
1139 2342 1200 2394 suo,

234 2403 363 2475 providet
377 2403 430 2458 sibi
442 2403 470 2457 in
484 2404 607 2459 futurum
619 2425 626 2471 ;
640 2405 716 2476 quod
730 2407 853 2462 maxime
866 2415 983 2477 praestat
996 2423 1047 2476 per
1057 2413 1139 2459 terrae
1151 2403 1200 2458 do·

233 2483 381 2551 minatum,
395 2483 505 2538 ratione
517 2485 645 2553 ejusdem
655 2487 792 2541 ubertatis
809 2487 866 2542 180.
877 2517 912 2526 -
926 2487 1069 2556 Objica'iur
1078 2485 1144 2541 huic
1157 2503 1200 2541 ar·

231 2572 380 2632 gumento:
390 2562 417 2628 α)
426 2561 605 2632 providentia
614 2563 779 2636 reipublicae
795 2566 852 2620 180.
864 2595 898 2605 -
907 2567 1005 2637 Resp:
1016 2567 1113 2620 Homo
1124 2564 1201 2636 prior

232 2651 276 2696 est
285 2641 408 2697 civitate.
425 2639 452 2709 β)
467 2642 547 2696 Deus
561 2643 640 2698 dedit
660 2655 765 2698 terram
788 2645 920 2700 universo
940 2644 1036 2714 generi
1049 2644 1198 2700 hominum

231 2721 380 2780 fruendam
398 2720 454 2775 18ο.
468 2749 503 2760 -
516 2721 613 2791 Respa
628 2719 662 2792 α’)
678 2725 745 2778 Non
762 2724 802 2778 ita
821 2735 851 2779 ut
865 2725 1058 2795 promiscuum
1071 2723 1199 2780 domina·

233 2813 292 2856 tum
305 2799 461 2865 induxerit3
470 2801 522 2854 sed
532 2800 571 2854 ita
580 2811 611 2856 ut
623 2801 772 2858 industriae
785 2805 962 2872 singulorum
975 2803 1198 2873 descriptionem

231 2879 446 2950 possessionum
457 2877 630 2948 privatarum
644 2881 804 2948 permiserit
825 2884 882 2936 180.
897 2878 931 2954 β’)
953 2884 1018 2937 Hoc
1037 2892 1121 2951 pacto
1140 2899 1198 2936 uon

232 2958 326 3012 minus
339 2956 516 3012 universitati
536 2958 652 3014 inservit
671 2971 815 3030 terraque
828 2977 928 3016 omnes
945 2962 1059 3015 aluntur
1074 2961 1199 3016 ido-181.

229 3039 262 3105 c)
275 3037 370 3106 Quum
383 3037 497 3091 ubertas
516 3047 599 3092 terrae
619 3039 681 3092 sine
701 3038 825 3093 hominis
845 3041 921 3095 cultu
934 3057 999 3095 esse
1019 3057 1076 3094 non
1099 3041 1198 3109 possit,

230 3117 378 3186 cultusque
396 3132 493 3171 rursus
512 3133 530 3172 a
551 3116 639 3171 fundo
660 3119 786 3188 separari
806 3130 938 3190 nequeat,
955 3133 1134 3188 consequens
1154 3129 1198 3174 est

231 3195 309 3250 cultu
321 3195 466 3250 hominem
489 3194 608 3251 fundum
629 3195 758 3264 liberum,
780 3207 890 3252 naturae
909 3199 981 3268 jure,
997 3199 1090 3254 lacere
1113 3215 1196 3254 suum

233 3276 291 3329 181.
300 3271 373 3342 -d)
384 3274 564 3330 Universitas
576 3276 635 3331 lere
647 3277 760 3344 generis
773 3277 889 3332 humani
902 3278 957 3333 hoc
968 3277 1014 3347 jus
1027 3279 1197 3350 proclamat3

230 3351 400 3407 confirmant
413 3353 491 3421 leges
508 3353 625 3420 civiles;
643 3354 802 3410 divinarum
816 3357 910 3424 legum
929 3357 1022 3414 sancit
1042 3359 1198 3414 auctoritas

233 3431 356 3485 181-182.
370 3459 405 3469 -
417 3429 452 3498 z‘)
462 3433 513 3501 Jus
526 3433 701 3502 possidendi,
714 3435 792 3505 quod
805 3435 923 3505 singulis
936 3447 1037 3492 natura
1050 3437 1132 3505 inest,
1146 3454 1193 3492 va·

229 3509 316 3564 lidius
321 3509 450 3578 familiia
462 3510 629 3567 domesticae
641 3513 778 3584 competit
794 3513 851 3569 182.
865 3543 900 3555 -
913 3516 946 3582 a)
964 3518 1015 3587 Jus
1030 3527 1073 3572 est
1095 3516 1197 3572 divini-

230 3601 277 3644 tus
289 3605 460 3666 concessum
473 3590 615 3646 condendi
628 3591 776 3662 familiam,
790 3593 905 3648 civitate
925 3595 1116 3667 antiquiorem
1139 3597 1197 3651 182.

231 3697 266 3707 -
278 3667 374 3739 Atqui,
384 3669 605 3739 paterfamilias,
618 3687 690 3742 quos
701 3671 869 3742 procreavit,
883 3674 1042 3743 prasertim
1055 3674 1197 3730 heredita·

232 3745 274 3802 ria
296 3747 435 3803 bonorum
457 3749 673 3806 transmissione
696 3762 791 3807 tuetur
812 3752 869 3806 182.
883 3781 918 3792 -
939 3752 970 3822 b)
983 3754 1120 3821 Familiae,
1139 3755 1197 3810 veri

231 3824 356 3881 nominis
374 3826 520 3882 societatis
536 3829 609 3901 jura,
627 3831 740 3886 nonnisi
760 3832 907 3900 tyrannice
928 3831 1071 3900 violanda,
1087 3832 1198 3902 juribus

230 3903 376 3960 societatis
389 3903 480 3960 civilis
492 3908 613 3978 aequalia
623 3921 697 3978 suut,
711 3910 769 3964 imo
781 3909 899 3980 majora,
912 3909 979 3981 quia
991 3909 1086 3980 priora
1103 3909 1198 3966 182.-

235 3983 341 4038 [mima
352 3983 503 4040 domorum
525 3997 651 4056 potestas
673 3988 765 4044 civilis
778 4006 816 4045 ne
829 3990 975 4060 pervadat,
997 3997 1077 4044 extra
1098 4005 1198 4044 casum

232 4061 421 4133 necessitatis,
445 4063 482 4119 ad
507 4066 712 4124 sublevandam
736 4068 872 4140 inopiam,
896 4068 940 4122 vel
963 4066 1000 4122 ad
1025 4067 1197 4122 vindicanda

234 4141 356 4211 partium
366 4142 431 4212 jura
445 4143 503 4212 183.
513 4174 548 4186 -
563 4146 628 4200 Filii
640 4148 717 4202 enim
730 4159 796 4202 sunt
810 4145 918 4218 aliquid
931 4148 1039 4216 patris;
1053 4147 1198 4204 mediante

234 4219 350 4291 familia,
370 4222 483 4278 civilem
504 4223 602 4282 ineunt
618 4225 785 4281 societatem
810 4225 867 4294 183.
891 4255 925 4265 -
948 4225 1108 4282 Socialistae
1130 4243 1198 4283 vero

232 4299 383 4356 domorum
402 4304 602 4371 compaginem
621 4304 778 4360 dissolvunt
803 4306 859 4372 183.
878 4335 913 4345 -
933 4313 962 4372 3⁰
982 4305 1196 4364 Socialistarum
