3354 4938
450 335 501 384 ou
519 332 759 384 couorrroue
778 333 970 385 orumcuu.
1196 314 1259 384 181

157 513 262 577 fundo
277 512 423 574 insumat
438 530 508 586 suo,
523 508 575 572 vel
591 508 625 571 in
638 520 710 572 arte
728 509 839 591 aliqua
861 529 1011 591 operosa,
1024 510 1116 574 cuius
1138 531 1264 575 merces
1328 572 1408 612 MAH

155 617 293 681 tandem
310 635 376 679 non
393 613 536 691 aliunde,
552 633 653 696 quam
680 633 701 675 a
717 611 892 694 multiplici
916 622 1023 677 terrae
1039 613 1107 677 fetu
1123 614 1265 694 ducitur,
1335 623 1394 681 1891

155 738 231 784 cum
248 737 356 801 eoque
370 725 587 799 permutatur.
1321 729 1368 760 nus
1386 715 1441 760 uni·

200 819 276 904 Qua
292 841 337 884 ex
353 841 388 884 re
403 840 514 884 rursus
527 819 677 895 efficitur,
685 821 834 902 privatas
847 821 1073 901 possessiones
1084 819 1183 902 plane
1193 841 1265 885 esse
1305 779 1423 879 ”irim

155 923 340 988 secundum
357 932 521 986 naturam.
537 922 606 985 Res
634 923 723 986 enim
751 942 817 1000 eas,
833 943 919 1005 quae
934 923 977 987 ad
1000 924 1264 987 conservandam
1291 898 1444 997 tergusque

155 1027 259 1091 vitam
277 1027 493 1109 maximeque
518 1027 560 1089 ad
586 1025 825 1108 perficiendam
853 1029 1074 1109 requiruntur,
1089 1037 1177 1091 terra
1193 1029 1265 1111 qui·
1306 1011 1420 1056 alum·

155 1130 233 1194 dem
258 1149 335 1192 curn
363 1149 486 1211 magna
510 1129 666 1212 largitate
693 1129 812 1209 fundit,
838 1131 895 1195 sed
921 1130 1060 1194 fundere
1082 1152 1128 1194 ex
1143 1152 1179 1195 se
1194 1134 1265 1196 sine
1291 1120 1445 1226 {23222232

155 1232 330 1297 hominurn
356 1233 446 1296 cultu
472 1243 505 1296 et
529 1235 701 1298 curatione
728 1253 794 1297 non
820 1243 942 1317 posset.
959 1234 1114 1298 Iamvero
1137 1255 1214 1299 cum
1231 1237 1263 1299 in
1293 1239 1445 1344 ζηξὲζειῖῒ

156 1336 314 1420 parandis
326 1345 464 1400 naturae
485 1337 582 1400 bonis
594 1339 793 1402 industriam
812 1339 933 1403 mentis
950 1341 1102 1431 viresque
1118 1357 1265 1420 corporis
1293 1363 1320 1402 tu
1335 1372 1380 1428 esse
1397 1371 1444 1402 non

156 1442 259 1504 homo
269 1441 425 1518 insumat,
436 1441 500 1504 hoc
512 1442 586 1525 ipso
599 1443 748 1524 applicat
767 1444 810 1507 ad
823 1464 896 1507 sese
909 1464 983 1508 eam
995 1453 1134 1507 naturae
1148 1462 1265 1525 corpo·
1289 1421 1377 1534 {2222
1387 1417 1445 1521 ξῖζ

156 1567 232 1611 reae
241 1556 381 1629 partem,
393 1565 494 1628 quarn
507 1547 579 1628 ipse
590 1547 762 1629 percoluit,
774 1548 805 1610 in
818 1568 883 1631 qua
895 1548 987 1613 velut
996 1549 1138 1612 formam
1149 1567 1265 1631 quam-
1291 1535 1444 1652 ”fetj‘asffl

156 1652 235 1715 darn
252 1669 414 1732 personae
431 1670 511 1713 suae
537 1651 734 1732 impressam
758 1650 891 1735 reIIquit
906 1674 914 1732 ;
930 1661 967 1716 ut
982 1654 1121 1716 omnino
1138 1661 1265 1716 rectum
1298 1658 1437 1771 &22qu3ss

156 1772 229 1816 esse
244 1761 408 1834 oporteat,
420 1773 494 1816 eam
508 1764 637 1835 partem
654 1754 696 1818 ab
707 1776 747 1817 eo
759 1755 922 1836 possideri
935 1755 983 1819 uti
999 1775 1105 1834 suam,
1121 1775 1181 1818 nec
1197 1754 1266 1818 ullo
1291 1778 1325 1816 est
1367 1774 1443 1842 ,curru

157 1857 260 1920 modo
275 1857 326 1919 ius
342 1857 447 1938 ipsius
462 1857 588 1921 violare
604 1859 762 1940 cuiquam
780 1859 885 1924 licere.
1284 1833 1443 1950 simma.

202 1960 334 2025 Horum
351 1971 421 2025 tarn
437 1963 612 2045 perspicua
627 1962 678 2025 vis
695 1973 745 2027 est
761 1973 1046 2045 argumentorum,
1062 1974 1098 2028 ut
1116 1963 1266 2029 mirabile
1291 1951 1443 2070 ξξξὲἣίζνζ

155 2064 317 2141 videatur,
333 2064 508 2128 dissentire
534 2067 698 2148 quosdam
726 2065 936 2131 exoletarum
960 2069 1155 2149 opinionum
1172 2069 1265 2131 resti·
1284 2070 1369 2174 {qm
1406 2084 1443 2114 ⁵⁸·

155 2179 301 2232 tutores:
316 2169 373 2250 qui
390 2188 486 2234 usum
500 2170 635 2253 quidem
648 2169 720 2246 soli,
732 2171 906 2254 variosque
918 2171 1128 2252 praediorum
1140 2169 1265 2235 sructus
1336 2162 1341 2174 '

154 2273 285 2336 homini
297 2273 428 2354 privato
437 2274 646 2339 concedunt:
662 2283 698 2338 at
714 2265 875 2356 possideri
891 2273 935 2337 ab
951 2293 992 2337 eo
1007 2283 1044 2338 ut
1059 2273 1198 2338 domino
1213 2273 1265 2340 vel

155 2375 276 2454 solum,
291 2377 324 2440 in
340 2396 409 2460 quo
424 2377 621 2455 aedificavit,
634 2379 685 2443 vel
703 2380 876 2460 praedium
892 2380 982 2460 quod
994 2377 1150 2455 excoluit,
1166 2382 1266 2462 plane

157 2481 208 2543 ius
224 2500 296 2544 esse
309 2490 443 2562 negant.
459 2481 560 2564 Quod
577 2502 653 2546 cum
671 2492 805 2565 negant,
820 2483 1012 2547 fraudatum
1030 2483 1067 2546 iri
1083 2483 1188 2564 partis
1204 2503 1266 2547 suo

155 2583 271 2650 labore
296 2585 393 2648 rebus
417 2585 600 2664 bominem,
626 2607 694 2651 non
721 2589 845 2653 vident.
871 2589 966 2670 Ager
991 2588 1115 2670 quippe
1130 2585 1267 2652 cultoris

156 2707 260 2752 manu
276 2697 377 2771 atque
392 2699 463 2753 arte
479 2690 636 2755 subactus
652 2691 805 2755 habitum
830 2692 929 2774 longe
945 2699 1053 2755 mutat
1068 2713 1075 2754 :
1091 2712 1110 2754 e
1125 2691 1266 2756 silvestri

156 2790 303 2874 frugifer,
318 2811 363 2855 ex
388 2791 567 2857 infecundo
593 2793 688 2857 ferax
716 2795 863 2859 efficitur.
881 2794 1011 2878 Quibus
1037 2803 1150 2858 autern
1168 2797 1266 2861 rebus

156 2905 208 2959 est
225 2896 342 2960 melior
357 2895 473 2975 iactus,
484 2897 561 2960 illae
579 2899 626 2962 sic
637 2898 709 2962 solo
722 2898 895 2963 inhaerent
912 2901 1158 2982 miscenturque
1173 2901 1266 2982 peni·

157 3008 222 3076 tus,
234 3007 270 3062 ut
287 3000 472 3064 maximam
488 3011 617 3082 partem
635 3002 727 3065 nullo
743 3011 843 3084 pacto
858 3002 926 3066 sint
941 3002 1171 3084 separabilesa
1184 3003 1265 3068 solo

155 3101 266 3185 Atqui
282 3103 316 3166 id
332 3122 535 3186 quemquam
552 3105 651 3187 potiri
675 3105 799 3188 illoque
814 3106 948 3187 perfrui,
972 3105 1006 3168 in
1023 3125 1092 3188 quo
1107 3105 1191 3169 alius
1207 3107 1266 3168 de-

156 3206 301 3284 sudavit,
316 3217 472 3272 utrumne
499 3211 626 3274 iustitia
650 3211 815 3292 patiatur?
838 3209 916 3293 Quo
941 3210 1044 3273 modo
1059 3205 1198 3272 effectae
1214 3227 1265 3272 res

156 3331 311 3376 caussam
336 3323 521 3395 sequuntur
536 3335 556 3378 a
572 3335 640 3398 qua
654 3314 794 3378 effectae
818 3324 904 3392 sunt,
920 3315 967 3377 sic
982 3332 1105 3396 operae
1120 3313 1263 3376 fructum

155 3416 201 3480 ad
231 3435 287 3480 eos
311 3417 401 3499 ipsos
424 3418 480 3501 qui
512 3439 647 3502 operam
682 3419 843 3496 dederint,
866 3427 993 3482 rectum
1017 3427 1067 3481 est
1091 3420 1264 3500 pertinere.

157 3519 284 3584 Merito
311 3520 412 3602 igitur
433 3521 631 3585 universitas
664 3523 794 3604 generis
817 3521 965 3599 humani,
991 3519 1266 3585 dissentientibus
1290 3505 1439 3623 ‘'lamii'‘

155 3641 343 3704 paucorum
368 3625 582 3706 opinionibus
610 3625 691 3689 nihil
715 3626 899 3690 admodum
926 3635 1027 3702 mota,
1051 3625 1265 3704 studioseque
1286 3623 1441 3726 85:2th2?-

158 3737 315 3791 naturam
332 3727 475 3806 intuens,
490 3731 523 3793 in
546 3730 649 3812 ipsius
665 3728 739 3812 lege
753 3739 890 3794 naturae
900 3728 1157 3793 fundamentum
1173 3745 1266 3809 repe·
1285 3741 1329 3800 jus
1346 3741 1439 3799 proua-

157 3831 202 3895 rit
218 3833 409 3914 partitionis
435 3832 609 3911 bonorum,
632 3834 924 3916 possessionesque
951 3835 1106 3914 privatas,
1127 3839 1164 3894 ut
1180 3849 1266 3912 quae
1291 3806 1360 3851 ''⁸⁰¹''

155 3955 238 4000 cum
264 3937 440 4000 hominum
466 3945 585 4002 natura
615 3948 803 4021 pacatoque
833 3947 866 4000 et
901 3935 1082 4018 tranquillo
1112 3933 1267 3998 convictu
1291 3961 1437 4028 mstrmf

157 4041 313 4105 maxime
337 4051 533 4124 congruant,
559 4041 710 4106 omnium
727 4039 935 4104 saeculorum
963 4057 1024 4101 usu
1052 4036 1267 4100 consecravit
1292 4020 1352 4130 {ff
1381 4023 1441 4064 ‘²³²¹'

155 4183 204 4196 --
219 4143 331 4227 Leges
353 4153 466 4208 autem
492 4144 614 4222 civiles,
640 4165 736 4227 quae,
760 4163 836 4208 curn
864 4143 971 4205 iustae
998 4150 1086 4220 sunt,
1109 4142 1266 4204 virtutem

156 4269 258 4315 suam
272 4249 316 4314 ab
331 4248 404 4331 ipsa
417 4249 559 4313 naturali
575 4249 648 4332 lege
664 4248 800 4326 ducunt,
815 4246 849 4310 id
866 4247 926 4323 ius,
940 4246 1065 4328 dequo
1092 4244 1269 4329 loquimur,

156 4351 364 4417 confirmant
380 4371 419 4414 ac
433 4352 466 4415 vi
483 4354 584 4417 etiam
597 4352 789 4417 adhibenda
804 4359 948 4415 tuentur.
963 4386 1007 4399 -
1025 4349 1119 4414 idem
1141 4350 1268 4417 divina·
