3354 4938
245 1415 341 1512 siim

257 1513 324 1571 1801.

216 1803 363 1847 universita-

217 1866 261 1904 lrnt
328 1877 367 1904 rtr-

216 1919 330 1966 tholirant

218 1979 319 2024 Ottawoe

214 2039 344 2087 conditam.

551 405 1349 496 trrrannanposromcna

462 572 645 644 QUIBUS
668 579 884 640 STATUTA
906 581 995 640 SEU
1019 581 1442 643 CONSTITUTIONES

426 794 434 809 ι
588 719 953 780 Appnoenurun
983 721 1310 782 secuti-Arum
1465 800 1488 813 ..

475 857 794 919 Tnsotocma
818 860 1187 922 PHILOSOPHIAE
1207 862 1268 922 nc
1292 861 1428 923 1un1s

467 1018 704 1079 cruorum
729 1019 1039 1082 caruomcrs
1055 1021 1432 1083 uu1vsnsrrar1s

425 1120 433 1261 J
637 1163 1028 1226 orrawaus1s1u
1053 1166 1260 1226 crusna.

470 1415 663 1490 ΜΕ48οΜ
691 1419 798 1485 Nobis
824 1421 1054 1486 Romanorum
1082 1423 1281 1488 Pontificum
1307 1425 1503 1506 praedeces·

393 1417 581 1794 {Q}
611 1543 723 1587 sorum
740 1523 940 1589 Nostrorum
958 1525 1106 1608 vestigiis
1124 1527 1373 1592 inhaerentibus
1388 1528 1504 1610 potius

216 1637 306 1727 '‘503’'
325 1624 369 1729 'm
612 1627 692 1691 nihil
724 1629 767 1692 sit
797 1638 900 1712 atque
929 1629 1108 1712 antiquius,
1138 1649 1239 1712 quam
1270 1641 1306 1694 ut
1336 1631 1506 1695 catholica

611 1733 765 1796 iuventus
780 1731 916 1813 optimis
933 1732 1129 1796 informetur
1144 1733 1337 1816 disciplinis,
1346 1734 1389 1796 ad
1406 1735 1504 1797 nobi-

394 1839 477 1902 liora
504 1836 676 1918 religiosae
702 1835 736 1898 in
762 1835 880 1900 litteris
910 1855 948 1900 ac
979 1837 1126 1900 scientiis
1139 1837 1254 1901 institu
1267 1836 1368 1902 tionis
1395 1836 1504 1918 lycea,

393 1961 479 2026 quae
494 1953 529 2005 et
544 1942 719 2004 doctorum
737 1939 941 2021 praestantia
962 1949 996 2004 et
1019 1939 1210 2004 auditorum
1227 1941 1413 2022 frequentia
1429 1940 1502 2002 eni·

392 2055 494 2122 teant,
521 2044 742 2130 cogitationes
766 2045 928 2126 curasque
956 2042 1097 2108 Nostras
1118 2044 1292 2108 intendere
1316 2063 1435 2126 prore
1461 2061 1503 2107 ac

391 2161 543 2234 tempore
568 2150 762 2232 satagimus.
795 2149 870 2214 Hac
902 2159 1015 2214 mente
1045 2149 1233 2234 conlegium
1263 2151 1297 2214 in
1326 2149 1503 2232 praeclara

391 2257 597 2324 Canadensis
624 2255 768 2338 regionis
792 2254 882 2332 urbe,
908 2254 961 2320 cui
986 2253 1123 2337 vulgare
1148 2273 1272 2318 nomen
1290 2265 1308 2319 t
1325 2251 1500 2320 Ottawat

389 2360 455 2424 iam
483 2360 562 2424 inde
586 2360 629 2422 ab
655 2378 745 2422 anno
765 2359 846 2437 1848
862 2356 1049 2434 fundatum,
1065 2357 1349 2441 amplioribusque
1375 2357 1503 2421 indies

388 2465 557 2540 continuo,
590 2483 651 2526 nec
682 2461 878 2525 intermissis
908 2481 1057 2544 unquam
1088 2462 1301 2526 incrementis
1330 2469 1501 2536 ornatum,

386 2569 528 2650 ideoque
544 2585 634 2630 anno
654 2565 737 2629 1866
752 2587 772 2630 a
787 2585 944 2648 supremo
970 2565 1108 2648 legifero
1123 2565 1265 2630 concilio
1286 2562 1500 2630 Canadensis

386 2673 531 2754 regionis
547 2670 682 2733 nomine
698 2678 732 2733 et
748 2669 873 2733 iuribus
896 2669 1119 2734 universitatis
1134 2669 1240 2734 civilis
1256 2679 1403 2744 auctum,
1422 2687 1502 2750 pre-

386 2777 480 2840 cibus
495 2771 728 2856 suffragiisque
744 2783 928 2837 annuentes
954 2773 1139 2856 Praepositi
1166 2773 1331 2855 generalis
1347 2771 1501 2854 Congre-

387 2878 533 2964 gationis
557 2877 758 2946 Oblatorum
784 2875 911 2941 Mariae
929 2877 1179 2956 Immaculatae,
1194 2878 1246 2942 cui
1271 2879 1360 2943 idem
1385 2875 1498 2942 conle-

386 2985 478 3067 gium
495 2982 723 3046 concreditum
739 2990 799 3060 est,
814 2992 847 3045 et
862 2982 1038 3046 doctorum
1055 2983 1160 3065 ipsius
1186 2981 1329 3062 conlegii
1345 2979 1497 3044 decuria-

386 3087 477 3164 lium,
489 3105 550 3150 nec
566 3106 633 3149 non
644 3085 855 3149 Venerabilis
871 3083 997 3149 Fratris
1012 3085 1266 3168 Archiepiscopi
1280 3083 1500 3159 Ottawensis,

385 3212 444 3273 per
460 3190 586 3256 litteras
598 3191 822 3274 Apostolicas,
832 3209 919 3272 quae
932 3190 1096 3274 incipiunt
1112 3188 1342 3273 (Apostolica
1356 3187 1496 3254 Sedes)

385 3313 475 3358 anno
488 3297 572 3376 1889
581 3296 687 3371 datas,
699 3294 863 3375 dignitate
876 3314 915 3357 ac
930 3293 1056 3358 iuribus
1068 3293 1253 3358 catholicae
1265 3289 1498 3357 universitatis

384 3397 623 3461 decoravimus.
648 3396 820 3460 Nonnulla
837 3397 973 3480 insuper
987 3397 1166 3461 statuimus
1182 3397 1225 3459 ad
1242 3395 1347 3477 ipsius
1363 3391 1499 3456 univer·

385 3499 493 3562 sitatis
517 3499 643 3562 bonurn
669 3499 831 3580 perutilia,
855 3519 894 3564 ac
917 3500 1161 3582 perpendentes
1192 3498 1235 3561 ad
1267 3491 1498 3559 universitatis

384 3601 640 3685 prosperitatem
671 3621 709 3664 ac
739 3602 842 3666 decus
871 3603 1052 3686 plurimum
1090 3603 1249 3667 interesse
1287 3619 1362 3663 eam
1394 3597 1497 3661 rectis

384 3707 538 3789 aptisque
562 3705 691 3788 legibus
718 3708 898 3788 prudenter
927 3705 1054 3784 instrui,
1083 3709 1205 3790 quibus
1235 3705 1307 3769 eius
1338 3699 1498 3784 regimini

383 3821 571 3892 opportune
608 3809 844 3886 consuleretur,
881 3809 1036 3874 iussimus
1073 3819 1111 3874 ut
1148 3809 1236 3872 illius
1267 3805 1498 3871 universitatis

383 3921 511 3978 statuta
526 3925 561 3976 et
576 3912 666 3994 leges
684 3913 900 3995 Apostolicae
916 3915 993 3978 huic
1010 3913 1090 3979 Sedi
1116 3915 1225 3995 primo
1249 3931 1384 3994 quoque
1408 3918 1498 3972 tem·

383 4036 465 4099 pore
482 4015 730 4096 exhiberentur,
751 4035 828 4099 quc,
842 4017 882 4079 iis
899 4026 1028 4081 mature
1054 4013 1268 4088 examinatis,
1283 4010 1499 4076 auctoritatis

384 4121 530 4185 Nostrae
560 4121 661 4184 robur
691 4121 918 4186 adiiceremus.
952 4121 1118 4185 Mandato
1147 4118 1225 4182 huic
1265 4115 1390 4179 Nostro
1420 4123 1499 4178 tum

385 4222 596 4288 Venerabilis
621 4225 740 4288 Frater
755 4223 958 4291 Ottawensis
975 4223 1139 4300 Antistes,
1159 4234 1232 4287 tum
1248 4220 1390 4286 dilectus
1406 4215 1501 4282 filius

386 4326 611 4392 universitatis
625 4339 829 4393 memoratae
842 4339 948 4393 rector
961 4347 1066 4410 nuper
1076 4327 1354 4402 obsecundantes,
1366 4332 1501 4389 statuta
