3364 4928
230 354 282 404 DE
300 355 521 408 PRAECIPUIS
539 355 676 406 CIVlUM
694 353 1014 406 CHRISTIANORUM
1029 352 1201 406 OFFICIIS.
1235 355 1274 404 11

169 539 273 611 nium.
289 540 352 603 sibi
362 561 383 602 a
400 539 489 606 lesu
503 539 673 605 CHRISTO
689 541 974 614 commendatum,
990 548 1153 621 perpetuo
1168 537 1282 600 studio
1312 540 1467 636 MN¹U⁰ARJ
1512 523 1520 540 '

167 641 409 727 vigilantiaque
424 655 600 710 conservat
615 665 654 709 ac
672 655 785 708 tuetur
802 645 962 709 Ecclesia.
1351 638 1418 696 'm

212 745 280 810 Scd
305 766 407 829 quam
424 767 499 811 acre
520 749 680 811 adversus
702 746 890 811 Ecclesiam
909 746 1033 810 bellum
1047 745 1281 828 deflagraverit
1368 775 1459 844 Com

165 869 336 933 quamque
354 852 543 935 multiplex,
559 852 618 915 vix
633 853 755 916 attinet
767 853 831 916 hoc
845 852 919 916 loco
935 853 1055 915 dicere.
1071 849 1172 932 Quod
1189 849 1278 912 enim
1308 857 1441 902 Ecclesiam

166 954 287 1022 rationi
304 955 448 1036 contigit
461 956 651 1038 complures
661 975 713 1019 res
725 955 874 1020 occultas
891 965 925 1019 et
941 977 961 1018 a
978 965 1097 1018 natura
1112 952 1280 1016 involutas
1307 920 1460 1034 :paganiza-

167 1054 328 1119 scientiae
344 1058 627 1140 pervestigatione
643 1059 794 1140 reperire,
810 1079 934 1142 easque
950 1060 983 1122 in
1004 1059 1092 1122 vitae
1108 1077 1187 1121 usus
1202 1063 1281 1138 apte
1302 1049 1434 1140 ξῇξῇζζῗ

165 1169 369 1237 convertere,
385 1169 499 1223 tantos
516 1161 578 1224 sibi
596 1160 731 1243 spiritus
744 1181 916 1244 sumpsere
932 1162 1096 1238 homines,
1111 1159 1228 1222 utiam
1245 1177 1281 1220 se
1308 1167 1371 1201 ’'²¹¹''-

165 1270 287 1342 putent
303 1281 427 1326 numen
444 1283 543 1345 posse
555 1264 803 1348 imperiumque
816 1265 970 1330 divinum
987 1286 1008 1329 a
1023 1262 1194 1328 communi
1210 1261 1279 1326 vita

151 1363 341 1444 depellere.
367 1402 411 1414 -
431 1365 508 1450 Quo
536 1387 645 1430 errore
672 1369 816 1449 decepti,
830 1369 1035 1433 transferunt
1063 1368 1096 1431 in
1125 1375 1278 1430 naturam

164 1466 349 1531 humanam
377 1478 531 1551 ereptum
557 1470 633 1535 Deo
658 1471 903 1564 principatum:
922 1494 942 1537 a
959 1481 1079 1537 natura
1094 1471 1278 1554 petendum

164 1572 276 1635 omnis
307 1572 376 1635 veri
415 1573 615 1656 principium
654 1585 688 1638 et
724 1595 877 1641 normam
917 1577 1134 1659 praedicant:
1165 1575 1209 1638 ab
1239 1593 1278 1636 ea

166 1694 313 1752 manare,
329 1675 372 1738 ad
389 1696 532 1759 eamque
554 1697 628 1741 esse
643 1689 764 1743 cuncta
780 1679 950 1762 religionis
972 1677 1082 1742 officia
1097 1676 1280 1745 referenda.

166 1778 334 1864 Quocirca
363 1779 444 1842 nihil
476 1800 556 1862 esse,
579 1782 740 1846 divinitus
769 1784 952 1848 traditum:
984 1802 1050 1846 non
1082 1781 1279 1865 disciplinae
1336 1787 1456 1858 Superbia

167 1902 298 1946 morum
324 1881 535 1959 christianae,
552 1904 618 1947 non
649 1886 819 1951 Ecclesiae
835 1889 1041 1970 parendum:
1059 1886 1185 1949 nullam
1201 1886 1279 1954 huic
1304 1848 1459 1952 maff-

165 2003 239 2048 esse
263 1983 377 2066 legum
404 1985 616 2051 serendarum
644 1998 856 2070 potestatem,
881 1988 973 2054 nulla
997 1989 1089 2068 iura;
1117 1989 1186 2052 imo
1216 2007 1277 2052 nec
1307 1966 1459 2072 am„

165 2087 271 2152 ullum
285 2089 456 2154 Ecclesiae
468 2091 540 2154 dari
554 2092 587 2156 in
601 2092 802 2177 reip'ublicae
812 2093 973 2159 institutis
989 2093 1100 2158 locum
1113 2102 1278 2176 oportere.
1306 2099 1438 2191 namnam

167 2193 347 2277 Expetunt
375 2214 453 2259 vero
480 2203 583 2279 atque
610 2197 703 2261 omni
728 2217 792 2280 ope
807 2199 1016 2262 contendunt
1037 2217 1211 2280 capessere
1226 2216 1278 2259 res
1304 2151 1445 2250 mmm

164 2297 316 2378 publicas
347 2307 381 2362 et
411 2299 454 2362 ad
485 2301 713 2382 gubernacula
759 2301 874 2366 sedere
903 2302 1087 2381 civitatum,
1119 2321 1186 2384 quo
1216 2299 1279 2363 sibi
1304 2265 1460 2394 mimi}

165 2399 295 2465 facilius
323 2402 422 2466 liceat
450 2404 493 2468 ad
520 2405 582 2467 has
613 2405 784 2469 doctrinas
814 2405 957 2489 dirigere
984 2405 1075 2489 leges
1102 2423 1279 2488 moresque
1305 2385 1422 2430 Em·

166 2503 291 2588 fingere
321 2507 533 2589 populorum.
565 2509 619 2572 Ita
656 2510 781 2592 passim
821 2507 1024 2573 catholicum
1063 2527 1187 2573 nornen
1226 2505 1278 2571 vel

164 2620 282 2692 aperte
296 2611 432 2691 petitur,
448 2611 499 2675 vel
525 2613 657 2677 occulte
672 2622 911 2695 oppugnatur:
936 2618 1127 2696 magnaque
1142 2599 1280 2677 cuilibet

164 2733 312 2777 errorum
330 2715 540 2797 perversitati
557 2717 721 2799 permissa
736 2716 880 2795 licentia,
893 2717 1007 2782 multis
1022 2738 1123 2799 saepe
1138 2716 1280 2782 vinculis

163 2817 300 2900 publica
316 2820 468 2883 veritatis
480 2819 683 2884 christianae
699 2819 862 2903 professio
878 2821 1127 2904 constringitur.

210 2921 276 2986 His
293 2922 395 3005 igitur
420 2933 490 2988 tarn
513 2924 637 3008 iniquis
653 2923 760 3004 rebus,
777 2927 922 3008 primum
948 2925 1101 2989 omnium
1118 2925 1283 3007 respicere
1336 2945 1457 3016 sapora

164 3045 202 3090 se
212 3027 355 3109 quisque
371 3027 483 3104 debet,
498 3025 781 3112 vehementerque
791 3048 915 3106 curare,
925 3037 962 3093 ut
978 3028 1047 3092 alte
1061 3028 1280 3112 comprehen·
1306 3005 1439 3124 ‘gfflss‘

164 3150 239 3194 sam
256 3131 370 3193 animo
386 3129 487 3193 fidem
501 3131 631 3195 intenta
641 3133 796 3196 custodia
811 3141 954 3209 tueatur,
963 3133 1114 3196 cavendo
1125 3129 1281 3214 pericula,
1306 3125 1459 3232 marsim

164 3233 435 3317 nominatimque
451 3244 569 3298 contra
597 3235 706 3298 varias
722 3235 967 3318 sophismatum
986 3235 1133 3299 fallacias
1149 3253 1283 3316 semper
1379 3217 1385 3237 ’

164 3346 325 3402 armatus.
341 3337 398 3401 Ad
416 3336 510 3401 cuius
534 3337 802 3402 incolumitatem
819 3339 951 3403 virtutis
967 3337 1049 3402 illud
1066 3338 1168 3402 etiam
1184 3357 1282 3421 peru-

163 3439 233 3516 tile,
260 3453 293 3504 et
321 3460 526 3524 magnopere
553 3452 818 3506 consentaneum
850 3443 1058 3525 temporibus
1086 3441 1283 3519 iudicamus,

163 3544 315 3608 studium
341 3543 494 3627 diligens,
520 3554 558 3608 ut
574 3554 625 3610 est
653 3545 794 3622 faqutas
817 3555 850 3610 et
876 3555 996 3628 captus
1012 3545 1230 3628 singulorum,
1247 3546 1279 3608 in

162 3645 348 3710 christiana
372 3645 526 3710 doctrina
551 3666 686 3729 ponere,
702 3667 885 3731 earumque
911 3667 1030 3724 rerum,
1045 3667 1132 3731 quae
1148 3647 1281 3731 religio·
1307 3645 1461 3764 sum&

163 3771 244 3816 nem
270 3751 456 3827 continent,
472 3769 622 3833 quasque
649 3753 782 3834 assequi
808 3753 937 3816 ratione
965 3752 1052 3830 licet,
1069 3753 1196 3818 maiore
1215 3773 1281 3835 qua
1308 3779 1334 3810 n
1355 3765 1467 3824 senuaar..

163 3865 280 3941 potest
296 3855 416 3919 notitia
445 3865 592 3918 mentem
619 3855 778 3921 imbuere.
795 3855 950 3939 Cumque
966 3855 1066 3920 fidem
1095 3877 1162 3920 non
1180 3858 1283 3920 modo

163 3960 279 4042 vigere
300 3957 472 4022 inanimis
490 3957 727 4040 incorruptam,
743 3959 802 4022 sed
819 3959 963 4022 assiduis
978 3959 1080 4022 etiam
1098 3961 1282 4022 incremen-

163 4063 208 4128 tis
239 4068 395 4143 oporteat
426 4079 615 4142 augescere,
641 4061 795 4124 itcranda
826 4080 986 4144 persaepe
1014 4061 1057 4123 ad
1090 4060 1202 4124 Deum
1229 4070 1282 4124 est

163 4164 313 4248 supplex
328 4173 430 4247 atque
445 4162 581 4226 humilis
597 4163 843 4246 Apostolorum
861 4163 1035 4246 flagitatio,
1045 4163 1174 4246 adauge
1192 4165 1284 4228 nobis

153 4266 265 4352 fidem
282 4263 333 4347 (1).

166 4365 318 4375 ..ἡ-...4.-
326 4364 419 4370 --n--a
425 4365 459 4370 ---
466 4365 666 4371 -—--—--—-
1078 4367 1114 4371 --
1119 4365 1279 4374 ...-——„

198 4425 218 4456 1.
234 4409 304 4463 Luc..
318 4419 396 4461 xvur.
408 4419 429 4467 5.
