3354 4938
419 243 492 312 ²40
611 240 758 291 armna.
779 239 907 291 nposn
930 227 951 258 “
970 241 1086 294 ntur>
1106 243 1146 292 ru
1166 243 1295 297 annus
1316 281 1339 312 „

415 418 552 500 eiusque
567 425 642 480 acta
654 413 800 498 vulgare,
809 417 948 482 servatis
964 425 1077 482 tamen
1093 419 1205 501 quoad
1220 420 1334 486 omnia
1349 422 1523 487 canonicis

413 519 739 606 praescriptionibus.
772 520 859 584 Item
886 519 1023 586 liberam
1051 541 1222 588 remanere
1245 523 1401 590 volumus
1426 526 1524 590 novis

414 625 540 690 eisdem
573 623 750 708 Episcopis
781 623 977 688 idoneorum
1009 625 1230 707 parochorum
1260 627 1459 694 electionem
1486 636 1522 694 et

412 729 608 794 canonicam
625 725 880 804 institutionem,
891 729 1031 792 servatis
1042 728 1085 793 de
1097 729 1167 794 iure
1182 740 1216 795 et
1232 749 1325 796 more
1339 733 1521 798 servandis.

413 831 563 900 SolIIcite
578 839 691 895 autern
708 839 824 895 curent
840 830 917 895 novi
928 831 1110 898 Antistites
1120 843 1157 897 ut
1171 832 1355 899 catholicae
1367 834 1522 899 iuventu-

260 918 387 964 'mffl‘m
412 937 455 1002 tis
485 935 651 1000 institutio
676 935 708 997 in
732 933 854 998 scholis
879 935 949 999 sive
978 935 1119 1019 publicis
1143 936 1213 1000 sive
1236 937 1383 1021 privatis,
1405 937 1519 1022 quoad

247 992 260 1024 c
291 979 354 1024 laris

232 979 352 1098 §.iiam
413 1039 482 1103 fieri
498 1039 629 1122 poterit,
645 1038 687 1100 ad
704 1036 888 1102 catholicae
909 1038 1080 1103 doctrinae
1106 1059 1259 1105 normam
1276 1050 1430 1107 accurate
1444 1042 1520 1107 exi·

147 1121 148 1128 .
236 1111 317 1143 aarum
339 1098 387 1142 ulo

236 1157 383 1203 commenda·
411 1153 510 1228 gatur
523 1163 531 1222 ;
546 1143 704 1207 studeant
721 1141 783 1223 ipsi
800 1141 923 1205 idcirco
938 1142 988 1205 sui
1011 1142 1188 1224 pastoralis
1203 1142 1303 1208 officii
1319 1144 1522 1211 auctoritate

236 1221 285 1263 Μ’
412 1247 561 1312 eiusdem
587 1244 768 1309 iuventutis
792 1241 981 1327 religiosam
1006 1246 1250 1311 institutionem
1269 1247 1316 1314 ita
1342 1248 1522 1324 moderari,

412 1361 449 1415 ut
474 1367 657 1432 numquam
673 1346 707 1412 in
724 1347 900 1413 cuiuslibet
914 1349 1110 1432 disciplinae
1136 1349 1316 1416 traditione
1330 1352 1519 1436 quidquam

411 1454 569 1536 subrepat
581 1451 765 1516 catholicae
776 1450 926 1534 religioni
939 1473 1136 1537 morumque
1147 1453 1314 1520 honestati
1331 1454 1521 1519 adversum.

412 1561 515 1626 Porro
531 1561 564 1623 in
581 1558 698 1623 eadem
726 1557 930 1623 instituenda
946 1559 1117 1624 iuventute
1142 1560 1204 1624 viri
1220 1558 1375 1625 catholici
1391 1559 1424 1624 in
1440 1579 1520 1642 pro·

412 1665 551 1756 sessores
567 1682 625 1727 seu
642 1662 819 1745 magistros
843 1663 955 1747 quoad
978 1663 1063 1727 fierit
1086 1665 1209 1747 poterit
1224 1664 1462 1744 nominentnr;
1483 1675 1519 1729 et

411 1768 571 1852 quoniam
596 1767 629 1830 in
655 1765 888 1848 ludimagistro
918 1787 985 1830 non
1017 1767 1126 1832 minus
1155 1766 1231 1832 fidei
1257 1786 1359 1851 quarn
1383 1787 1517 1834 morum

300 1873 303 1882 '
410 1873 569 1936 honestas
584 1879 635 1934 est
657 1869 851 1950 necessaria,
865 1871 892 1932 si
907 1871 982 1953 quis
999 1871 1031 1934 in
1047 1869 1207 1937 alterutro
1222 1870 1408 1936 claudicare
1423 1890 1520 1936 com·

411 1976 565 2059 periatur,
592 1975 681 2038 idem
709 1974 898 2058 Episcopus
928 1994 1004 2038 eum
1035 1986 1127 2040 curet
1156 1995 1334 2041 removere.
1367 1976 1407 2040 ld
1436 1996 1520 2042 vero

410 2078 564 2143 volumus
590 2078 810 2142 constitutum
841 2079 884 2142 ad
915 2077 1044 2160 piarum
1069 2080 1316 2144 institutionum
1340 2099 1519 2144 conserva-

242 2257 247 2267 ·
279 2198 387 2245 Foveanr
412 2183 538 2247 tionem
555 2189 592 2246 ut
617 2181 749 2263 singula
779 2180 933 2262 religiosa
963 2181 1127 2261 instituta,
1154 2182 1413 2266 corporationes,
1439 2183 1519 2266 piae

234 2265 385 2364 ἓῖἷζζᾝ.
411 2285 608 2351 sodalitates
624 2285 693 2349 sive
708 2285 775 2348 iam
791 2284 976 2349 existentes
991 2287 1061 2350 sive
1076 2285 1208 2351 futurae
1223 2285 1469 2350 serventlibere
1480 2296 1517 2350 et

230 2376 313 2434 W·
410 2390 522 2453 valide
537 2397 752 2472 propugnent
763 2398 834 2451 turn
849 2381 985 2452 libera'm
997 2390 1240 2471 possessionem
1257 2388 1419 2454 bonorum
1436 2408 1519 2454 suo-

411 2515 484 2558 rum
501 2513 798 2577 quorumcumque,
824 2503 896 2557 tum
921 2493 1023 2557 etiam
1053 2493 1188 2578 plenam
1219 2501 1419 2576 potestatem
1444 2492 1517 2576 ple·

411 2617 559 2680 numque
575 2598 624 2661 ius
642 2597 743 2660 libere
758 2597 1084 2678 accipiendi,fruendi
1100 2606 1134 2663 et
1147 2596 1402 2662 administrandi
1415 2597 1516 2675 bona,

410 2699 546 2776 reditus,
557 2701 756 2763 donationes
773 2699 921 2780 legitime
936 2697 1067 2763 oblatas
1080 2709 1114 2764 et
1122 2697 1349 2778 obvenientes,
1372 2697 1517 2764 nullam·

410 2823 475 2887 que
491 2823 606 2868 eorum
623 2804 902 2886 suppressionem,
924 2804 976 2868 vel
1001 2804 1168 2880 unionem,
1195 2813 1253 2867 aut
1276 2803 1515 2870 alienationem

410 2907 480 2971 fieri
496 2926 594 2989 posse
610 2906 819 2970 decernimus
834 2906 961 2989 absque
975 2904 1195 2989 Apostolicae
1212 2905 1309 2971 Sedis
1336 2906 1517 2971 auctorita-

409 3011 452 3075 tis
468 3009 766 3087 interventu,salvis
782 3009 996 3074 facultatibus
1012 3031 1032 3072 a
1047 3030 1141 3074 sacro
1152 3009 1351 3075 Tridentino
1362 3008 1517 3076 Concilio

269 3140 382 3186 Altera·
409 3113 587 3197 Episcopis
602 3112 743 3178 tributis.
760 3112 965 3178 Canonicam
978 3121 1095 3177 taxam
1106 3115 1138 3176 in
1150 3113 1289 3196 singulis
1299 3110 1517 3196 Apostolica-

232 3201 382 3304 fflffl*
407 3239 481 3282 rurn
498 3219 682 3284 litterarum
707 3217 912 3282 solemnibus
942 3218 1215 3301 expeditionibus
1236 3217 1518 3302 quotiescumque

232 3315 371 3376 Μίαν·
408 3341 514 3386 novus
531 3322 684 3387 Antistes
694 3320 830 3386 cuilibet
846 3341 890 3385 ex
906 3321 1063 3404 praelatis
1087 3323 1216 3387 noviter
1230 3323 1349 3386 erectis
1364 3321 1516 3388 ecclesiis

407 3426 471 3489 erit
497 3425 739 3507 praeficiendus
770 3426 802 3489 in
845 3426 953 3490 aureis
983 3426 1026 3490 de
1051 3425 1192 3491 Camera
1219 3424 1352 3490 florenis
1374 3437 1514 3492 centum

406 3531 586 3596 statuimus
599 3551 608 3609 ;
622 3530 735 3612 sicque
750 3531 784 3593 in
815 3529 907 3595 libris
931 3529 1211 3614 Congregationis
1230 3528 1264 3597 S.
1280 3529 1322 3595 R.
1339 3527 1378 3596 E.
1395 3529 1516 3597 Cardi-

405 3633 532 3697 nalium
549 3633 691 3716 Collegii
703 3634 836 3699 inscribi
853 3634 931 3697 etin
945 3633 1033 3698 illius
1055 3633 1221 3699 tabulario
1244 3632 1367 3697 servari
1383 3633 1513 3717 praeci-

405 3741 525 3822 pimus.
551 3736 709 3803 Ceterum
738 3739 848 3819 quoad
866 3757 926 3814 res,
942 3737 1013 3801 iura
1029 3747 1063 3804 et
1083 3756 1242 3821 personas
1258 3735 1515 3819 ecclesiasticas,

404 3842 447 3906 de
474 3843 594 3926 quibus
621 3841 713 3905 nulla
739 3841 772 3904 in
804 3841 1035 3924 praesentibus
1050 3841 1168 3907 litteris
1195 3853 1355 3924 expressa
1381 3841 1513 3907 mentio

404 3944 493 4011 sacta
515 3954 576 4023 est,
596 3965 636 4009 ea
657 3955 730 4009 rata
746 3945 884 4009 omnino
899 3954 934 4010 et
949 3943 1045 4009 firma
1059 3953 1157 4028 prout
1174 3954 1273 4009 antea
1288 3955 1487 4012 remaneant
1503 3965 1514 4026 ;

405 4049 497 4132 quod
523 4048 551 4112 si
581 4047 693 4131 aliqua
706 4049 932 4130 supervenerit
948 4048 1135 4126 difficultas,
1149 4068 1189 4112 ea
1205 4048 1388 4114 secundum
1405 4067 1512 4112 cano-

404 4157 495 4219 nicas
509 4153 599 4235 leges
615 4154 658 4218 ad
675 4153 828 4216 eamdem
846 4153 1079 4236 Apostolicam
1098 4153 1222 4219 Sedem
1238 4152 1300 4216 erit
1315 4150 1511 4228 deserenda,

404 4258 540 4338 eiusque
551 4254 648 4320 Sedis
660 4257 722 4320 erit
733 4277 774 4320 ea
788 4267 907 4320 cuncta
919 4257 1096 4336 declarare,
1108 4257 1235 4321 diluere
1245 4265 1280 4322 et
1289 4273 1510 4338 componere;
