3354 4938
383 329 452 400 166
505 346 611 398 meru
632 343 792 396 rnornro
813 331 834 360 ‘⁸
853 343 903 394 ur
921 341 1116 394 Mvsrrcnu
1149 339 1319 390 suousnu
1339 372 1360 402 „

379 436 1471 468 Μ

375 525 550 608 (Sap.,V11,
569 524 632 605 19).
656 557 698 571 -
724 521 827 584 Porro
847 519 890 584 ad
906 517 1054 583 curanda
1077 515 1174 581 huius
1191 513 1350 579 scientiae
1376 512 1482 576 incre·

376 637 489 692 menta
512 636 546 690 et
562 624 725 689 fovendos
739 622 882 688 cultores
903 622 974 685 eius
997 620 1079 684 illud
1102 637 1237 703 quoque
1260 617 1479 681 incitamento

140 803 142 806 ¹
215 803 219 814 ¹
238 745 346 816 aaran
374 730 436 797 suit
454 729 624 795 Ecclesiae
641 727 844 802 Pastoribus,
865 725 957 808 quod
973 725 1071 789 huius
1095 723 1193 788 unius
1208 741 1274 805 ope
1288 730 1381 784 certo
1402 737 1478 800 pos·

116 839 118 846 ‘
195 805 308 916 ζὲἳῖεἷὶῖἶ
373 835 440 898 sint
455 834 613 898 constitui
630 833 711 910 dies,
725 829 847 914 quibus
863 829 1022 894 celebrari
1038 836 1193 911 oporteat
1209 847 1249 892 ea
1265 845 1351 911 quae
1367 821 1475 888 maxi·

192 923 346 1036 {ms
373 957 428 1002 ma
454 946 488 1002 et
512 936 761 1019 religiosissima
786 943 866 998 sunt
890 933 1124 1016 mysteriorum
1149 929 1274 998 Christi
1300 929 1473 994 solemnia.

193 1093 331 1138 calm.-
372 1040 450 1125 Quo
466 1041 591 1104 factum
617 1049 676 1118 est,
701 1050 738 1105 ut
754 1037 943 1103 Tridentini
971 1038 1087 1102 Patres
1103 1035 1159 1120 qui
1186 1036 1289 1119 probe
1314 1040 1477 1099 noverant

193 1164 235 1220 ⁸32⁸
261 1152 345 1221 unga
372 1146 599 1228 perturbatam
617 1165 689 1208 esse
705 1145 869 1208 rationem
884 1152 1085 1225 temporum,
1100 1159 1187 1224 quae
1202 1158 1270 1204 non
1287 1137 1368 1204 satis
1383 1157 1475 1202 com·

192 1224 345 1322 mpera-
374 1249 481 1326 rnode,
508 1248 595 1312 Iulio
622 1246 765 1313 Caesare
789 1257 934 1323 auctore,
960 1244 1069 1309 fuerat
1094 1244 1283 1320 emendata,
1312 1247 1473 1321 rogarunt

370 1353 470 1416 enixe
483 1351 676 1415 Romanum
691 1349 885 1415 Pontificem
899 1348 1027 1428 ut,viris
1040 1347 1243 1413 doctissimis
1253 1347 1286 1406 in
1298 1340 1474 1407 consilium

369 1455 539 1532 adhibitis,
563 1475 686 1520 novam
713 1474 752 1519 ac
768 1454 997 1538 perfectiorem
1023 1450 1200 1518 conficeret
1224 1465 1388 1511 annorum
1404 1447 1474 1511 die-

369 1578 509 1642 rumque
535 1557 789 1623 ordinationem.
813 1557 1010 1635 —Quanta
1034 1550 1182 1615 fueritin
1209 1570 1249 1615 ea
1264 1569 1299 1614 re
1325 1550 1474 1634 gerenda

369 1655 520 1738 Gregorii
548 1661 639 1720 XIII
659 1655 923 1720 Praedecessoris
948 1655 1065 1719 Nostri
1081 1653 1264 1738 diligentia,
1279 1654 1471 1720 constantia

368 1769 400 1826 et
427 1760 608 1826 liberalitas
634 1763 716 1824 satis
741 1770 952 1842 compertum
982 1769 1034 1824 est
1060 1778 1105 1823 ex
1136 1759 1282 1823 indubiis
1311 1758 1473 1826 historiae

369 1863 602 1928 monumentis.
618 1862 753 1929 Scilicet
769 1863 802 1926 in
825 1882 864 1926 ea
879 1882 966 1945 quae
981 1861 1155 1944 aptissima
1181 1860 1358 1926 videbatur
1373 1870 1469 1944 parte

203 2027 240 2072 lab
285 2032 296 2071 t
367 1968 609 2032 Vaticanarum
636 1967 771 2032 aedium
798 1965 1055 2049 speculatoriam
1071 1965 1188 2030 turrim
1209 1965 1350 2029 excitari
1367 1965 1473 2042 iussit,

190 2040 217 2130 in
241 2040 342 2132 Ἤ
368 2092 468 2154 quam
486 2071 714 2137 instrumentis
730 2070 869 2148 ornavit,
885 2088 971 2153 quae
986 2069 1114 2135 ferebat
1129 2081 1223 2160 aetas
1238 2069 1304 2148 illa,
1320 2071 1472 2134 maxima

191 2145 340 2250 mmssar'r.
367 2185 400 2242 et
416 2175 673 2255 accuratissima,
694 2175 807 2258 ibique
821 2183 1007 2238 conventus
1030 2173 1148 2240 habuit
1163 2176 1339 2239 doctorum
1362 2173 1470 2239 homi-

192 2277 233 2306 ²¹²⁸
260 2263 341 2310 “⁰¹¹“
367 2300 447 2346 num
463 2301 547 2364 quos
561 2281 768 2346 Kalendario
783 2279 990 2345 restituendo
1005 2278 1216 2361 praefecerat.
1230 2279 1348 2344 Manet
1359 2277 1471 2343 adhuc

189 2327 301 2370 exitam·

367 2406 407 2450 ea
421 2386 520 2449 turris
537 2383 683 2450 munifici
700 2384 843 2448 auctoris
859 2383 910 2446 sui
933 2381 1073 2449 illustria
1094 2382 1321 2466 praeseferens
1336 2381 1468 2458 indicia,

367 2496 530 2570 extatque
544 2488 578 2552 in
595 2508 634 2552 ea
646 2488 734 2551 linea
749 2485 934 2551 meridiana
945 2494 1138 2551 constructa
1149 2486 1192 2551 ab
1203 2485 1352 2569 Egnatio
1363 2483 1468 2549 Danti

367 2591 534 2668 Perusino,
549 2591 647 2674 eique
674 2608 860 2654 marmorea
876 2587 991 2652 tabula
1014 2589 1159 2653 rotunda
1180 2587 1471 2666 interiecta-cuius

367 2693 463 2775 signa
488 2693 632 2760 scienter
654 2703 794 2759 exarata
819 2693 974 2758 demissis
1000 2712 1046 2758 ex
1072 2693 1142 2757 alto
1168 2693 1269 2759 radiis
1296 2693 1362 2759 icta
1385 2692 1476 2770 solis,

368 2798 600 2863 necessitatem
610 2797 842 2862 emendandae
857 2797 976 2862 veteris
991 2797 1130 2862 rationis
1142 2807 1330 2881 temporum
1345 2807 1379 2862 et
1391 2815 1470 2862 con·

367 2902 568 2966 sentientem
584 2922 693 2967 rerum
711 2913 850 2966 naturae
871 2900 1115 2965 restitutionem
1131 2911 1302 2984 peractam
1331 2902 1470 2966 demon·

191 3035 250 3092 Q„
263 3033 342 3079 ,um-5
368 3012 543 3070 strant-
560 3005 655 3070 Haec
679 3007 788 3082 turris,
812 3014 1067 3069 monumentum
1095 3004 1208 3069 nobile
1233 3003 1404 3070 Pontificis
1430 3004 1475 3069 de

191 3093 342 3212 zju'ffljj
369 3108 515 3173 scientiis
530 3129 569 3174 ac
585 3109 701 3174 litteris
721 3109 849 3192 optime
870 3107 988 3186 meriti,
1015 3107 1058 3172 ad
1074 3108 1251 3191 pristinum
1277 3109 1472 3175 caelestium

190 3239 342 3332 mmmm·
369 3212 639 3279 observationum
650 3233 747 3278 usum
760 3221 838 3296 post
848 3211 1012 3278 diutinam
1023 3210 1304 3278 intermissionem
1318 3221 1473 3278 revocata

191 3305 340 3400 srurrrsqae'
369 3323 420 3377 est
437 3315 577 3398 imperio
593 3326 626 3382 et
650 3316 800 3400 auspicio
817 3315 867 3379 Pii
883 3314 948 3391 VI,
963 3313 1118 3381 flectente
1133 3324 1168 3380 et
1191 3315 1323 3381 exitum
1339 3315 1475 3380 saeculo

191 3389 343 3494 giiii-iim.
370 3419 548 3502 superiore.
565 3419 653 3485 Tum
669 3441 747 3484 cura
763 3429 796 3485 et
813 3418 925 3484 studio
942 3417 1087 3501 Philippi
1098 3418 1177 3484 Gilii
1194 3421 1312 3485 urbani
1328 3419 1476 3485 Antisti·

193 3513 266 3552 mm·
370 3521 413 3585 tis
429 3521 514 3586 aliae
535 3523 637 3587 etiam
660 3525 810 3587 adfectae
826 3532 904 3588 sunt
926 3522 1185 3606 explorationes,
1201 3543 1288 3608 quae
1317 3526 1386 3590 vim
1404 3545 1477 3590 ma-

370 3625 547 3708 gneticam,
557 3635 774 3710 tempestates
784 3627 869 3690 aeris
883 3627 1055 3710 vitamque
1071 3626 1261 3711 plantarum
1274 3637 1475 3712 spectarent.

369 3729 438 3794 Ast
453 3749 494 3795 eo
509 3731 686 3796 demortuo
701 3729 803 3795 docto
814 3739 848 3796 et
864 3730 1028 3795 Industrio
1040 3731 1120 3810 viro,
1135 3753 1225 3798 anno
1235 3733 1333 3798 huius
1348 3732 1474 3798 saeculi

369 3835 529 3901 vicesimo
544 3836 662 3918 primo,
677 3835 839 3919 templum
850 3835 914 3899 hoc
928 3835 1089 3900 scientiae
1101 3839 1347 3903 astronomicae
1358 3836 1473 3920 negle-

370 3947 460 4004 ctum
477 3942 713 4022 desertumque
729 3937 895 4017 fuit3nam
911 3939 1003 4003 brevi
1026 3949 1144 4022 postea
1161 3941 1212 4005 Pii
1226 3941 1298 4006 Vll
1317 3961 1406 4007 mors
1422 3948 1476 4006 est

369 4041 529 4122 insecuta,
546 4042 669 4106 Leonis
686 4050 797 4106 autem
815 4041 887 4106 XII
904 4061 998 4107 curas
1021 4042 1064 4107 ad
1081 4063 1117 4108 se
1132 4047 1298 4110 convertit
1312 4045 1475 4128 grandius

370 4144 540 4230 inceptum
567 4145 780 4210 scientiarum
796 4145 946 4209 omnium
973 4145 1202 4230 complectens
1228 4148 1474 4214 incrementum

370 4257 404 4314 et
419 4248 531 4326 decus,
550 4269 637 4312 nova
657 4247 812 4312 nimirum
840 4249 1038 4314 instauratio
1062 4251 1200 4315 rationis
1226 4253 1413 4317 studiorum
1437 4251 1473 4315 in

372 4349 547 4417 Pontificia
565 4349 694 4414 ditione
718 4349 880 4415 universa.
909 4351 1007 4415 Hanc
1032 4355 1076 4416 ab
1092 4355 1273 4419 immortali
1299 4355 1477 4419 decessore
