3354 4938
508 683 572 744 nr:
594 677 968 742 necunsmsrrcn
991 675 1308 736 mnnnncffln
1333 675 1387 734 1u
1459 624 1486 763 {le

687 840 879 902 MEXICO
899 840 1204 902 ORDINANDA.

236 1170 279 1216 ιχ
287 1169 347 1217 101,
585 1135 717 1203 LLUD
734 1137 768 1199 in
785 1136 900 1219 primis
919 1136 1012 1200 omni
1035 1137 1149 1200 studio
1163 1155 1279 1201 curare
1293 1148 1327 1201 et
1343 1146 1499 1222 satagere

247 1229 339 1338 {392³
388 1133 578 1509 m
604 1241 729 1306 debent
764 1239 911 1304 Romani
945 1237 1135 1319 Pontifices,
1161 1240 1282 1323 quibus
1317 1260 1498 1324 supremus

264 1387 365 1448 pm),
605 1343 791 1408 animarum
819 1350 935 1425 pastor
958 1362 1094 1426 gregem
1123 1363 1220 1407 suum
1237 1343 1495 1427 gubernandum

215 1463 245 1496 cu
229 1462 312 1494 'scm
299 1459 365 1493 cm
605 1445 782 1522 commisit,
798 1454 835 1509 ut
850 1445 881 1508 ei
896 1453 970 1510 tuta
986 1455 1120 1529 praesto
1135 1446 1202 1510 sint
1213 1446 1315 1510 ovilia
1316 1446 1442 1530 ,vigiles
1455 1470 1496 1515 ac

214 1508 284 1619 lfa.
284 1519 365 1636 affra·
389 1550 521 1616 solliciti
548 1548 696 1634 praesint
721 1558 880 1632 pastores,
908 1547 965 1630 qui
989 1568 1126 1633 gregem
1154 1550 1264 1632 ipsum
1289 1551 1332 1616 ad
1348 1551 1499 1618 salubria

214 1625 363 1745 ’ΞΞΞΞΪΞΞ
388 1673 513 1738 pascua
528 1653 699 1717 adducant
722 1661 756 1716 et
772 1650 962 1734 apericulis
989 1651 1182 1732 defendant,
1209 1653 1441 1738 nullumque
1430 1661 1498 1740 rpsi

215 1759 273 1864 22⁸
301 1758 365 1850 „5³⁷2
388 1757 477 1822 desit
502 1755 688 1821 subsidium
718 1773 777 1837 per
803 1755 893 1837 quod
919 1755 962 1818 ad
990 1756 1167 1821 caelestem
1194 1757 1337 1839 patriam
1365 1757 1497 1827 facilius

227 1877 288 1908 να
271 1869 316 1909 >⁸¹⁴²
300 1877 338 1908 ur·
388 1859 495 1943 possit
509 1857 690 1942 pervenire
704 1855 892 1939 Eapropter
908 1859 1179 1940 praedecessores
1195 1860 1312 1924 Nostri
1325 1859 1377 1924 vel
1394 1862 1496 1928 nimis

389 1960 520 2044 amplas
534 1960 703 2024 dioeceses
717 1958 950 2037 circumscribi,
964 1959 1017 2024 vel
1034 1979 1137 2025 novas
1158 1965 1254 2028 sedes
1269 1961 1351 2046 erigi
1378 1964 1497 2030 sedulo

390 2075 546 2130 curarunt
579 2073 679 2147 prout
710 2063 897 2127 animarum
919 2063 1020 2128 saluti
1048 2065 1298 2149 conspiciebant
1331 2066 1497 2132 salubrius

391 2168 559 2252 expedire.

435 2275 524 2342 Sane
539 2294 690 2340 crescens
705 2273 864 2359 quotidie,
880 2271 1012 2338 favente
1029 2273 1113 2352 Deo,
1127 2273 1162 2338 in
1184 2273 1373 2338 Mexicanis
1389 2276 1498 2358 regio·

391 2379 489 2444 nibus
512 2378 697 2444 catholicae
727 2377 894 2461 religionis
917 2387 1135 2460 augmentum
1162 2376 1279 2460 exigit,
1303 2386 1340 2441 ut
1365 2378 1408 2442 ad
1436 2397 1496 2445 eas

392 2482 568 2568 pastoralis
585 2481 700 2546 Nostri
725 2481 869 2546 muneris
884 2500 980 2546 curas
1003 2480 1120 2546 sedulo
1142 2481 1325 2564 dirigamus
1341 2491 1373 2545 et
1399 2463 1496 2564 spiri·

390 2585 472 2652 tuali
488 2585 618 2650 illarum
634 2581 898 2648 christifidelium
915 2583 1101 2648 animarum
1119 2584 1209 2648 bono
1235 2594 1270 2648 et
1285 2583 1421 2648 utilitati
1437 2603 1500 2667 per

391 2707 495 2755 novas
510 2685 749 2771 episcopalium
779 2687 910 2750 sedium
927 2687 1110 2751 erectiones
1137 2698 1171 2753 et
1197 2687 1361 2771 aptiorem
1392 2687 1499 2752 eccle·

247 2827 367 2873 cm„
390 2792 542 2858 siasticae
560 2789 776 2855 Hierarchiae
797 2789 864 2853 illic
882 2789 1155 2856 constitutionem
1178 2788 1344 2855 salubrius
1368 2789 1499 2873 prospi-

217 2887 365 2990 2ussss⁸¹⁶⁰
391 2899 526 2966 ciamus
552 2897 742 2963 Nonnullae
767 2897 932 2980 siquidem
958 2896 1024 2960 illic
1048 2897 1217 2962 dioeceses
1242 2906 1313 2963 tam
1340 2898 1407 2962 late
1422 2917 1501 2980 pro·

209 3004 368 3123 fifflfpflw
391 3003 574 3068 tenduntur
600 3011 634 3065 et
660 3001 745 3066 adeo
772 2999 857 3063 inter
881 3019 916 3064 se
942 2999 1058 3064 dissita
1078 3000 1251 3065 continent
1276 3001 1360 3079 loca,
1375 3009 1498 3066 utnon

214 3124 348 3192 pausum
307 3123 369 3167 nme
393 3125 467 3171 raro
479 3104 609 3170 illarum
621 3101 810 3180 Antistites,
820 3103 889 3167 sive
904 3102 974 3166 ob
965 3122 1114 3185 ipsorum
1127 3103 1276 3169 locorum
1292 3103 1501 3184 distantiam,

220 3181 317 3286 ’ΞΞᾭ
306 3181 360 3290 ’Ξῗ
394 3209 463 3274 sive
478 3208 579 3274 etiam
596 3207 641 3272 ob
655 3207 741 3271 aeris
756 3205 1032 3283 insalubritatem,
1047 3225 1068 3269 a
1083 3225 1270 3272 commissis
1295 3207 1359 3270 sibi
1379 3204 1502 3272 ovibus

396 3311 577 3376 invisendis
600 3308 849 3394 prohibeantur,
863 3310 954 3392 quod
970 3309 1106 3391 quidem
1130 3307 1301 3374 dominico
1315 3307 1408 3391 gregi
1433 3327 1504 3373 non

397 3413 461 3480 levi
485 3423 536 3478 est
559 3412 739 3478 discrimini
755 3423 790 3477 et
804 3412 1015 3478 detrimento.
1042 3411 1145 3476 Hisce
1167 3413 1293 3476 caussis
1319 3423 1431 3476 motus
1448 3412 1504 3487 l'el.

261 3567 374 3626 Quian
398 3535 460 3582 rec.
477 3516 555 3580 Pius
582 3517 674 3599 Papa
699 3515 817 3580 Nonus
837 3515 1072 3598 praedecessor
1097 3514 1220 3580 Noster
1244 3533 1333 3579 anno
1360 3514 1504 3584 Domini

223 3639 289 3672 nm
312 3581 374 3672 ⁵2³
399 3619 576 3686 millesimo
590 3617 868 3701 octingentesimo
883 3618 1096 3700 sexagesimo
1111 3617 1209 3684 tertio
1232 3627 1298 3682 tres
1313 3637 1359 3681 ex
1373 3618 1504 3686 archie-

215 3687 375 3746 'mm'
397 3723 572 3806 piscopatu
599 3721 780 3786 Mexicano
796 3741 899 3785 novas
914 3719 1103 3787 efformavit
1127 3721 1323 3804 provincias,
1337 3729 1371 3785 et
1397 3723 1504 3804 paulo

396 3837 474 3910 post
498 3826 691 3891 vicariatum
726 3824 1009 3908 Tamaulipanum
1041 3825 1084 3890 ad
1114 3824 1314 3890 cathedralis
1340 3824 1505 3894 ecclesiae

395 3928 556 3995 honorem
571 3929 685 3995 evexit
698 3951 706 4008 ;
721 3938 754 3993 et
771 3929 843 3993 Nos
859 3929 922 4012 ipsi
937 3929 1021 3994 vela
1035 3929 1151 3994 Nostri
1168 3927 1385 3995 Pontificatus
1401 3950 1504 3996 exor-

394 4033 460 4111 dio,
471 4035 515 4099 ad
526 4053 627 4117 quem
640 4053 698 4117 per
714 4031 917 4097 ineffabilem
933 4032 1066 4098 divinae
1079 4033 1239 4099 bonitatis
1253 4032 1502 4102 abundantiam

393 4134 517 4200 suimus
532 4127 712 4220 assumpti,
736 4135 831 4201 binas
856 4135 938 4200 alias
958 4137 992 4201 in
1019 4139 1137 4202 eadem
1160 4138 1344 4203 Mexicana
1366 4137 1501 4206 ditione

392 4238 598 4322 episcopales
622 4239 727 4317 sedes,
750 4239 888 4304 alteram
915 4259 1036 4325 nempe
1061 4243 1104 4307 de
1126 4240 1281 4307 Tabasco
1296 4241 1435 4307 alteram
1451 4245 1502 4310 de

394 4337 525 4406 Colima
541 4339 724 4422 respective
739 4349 948 4424 nuncupatas
973 4339 1186 4406 instituimus.
1210 4339 1277 4407 Ast
1304 4361 1412 4425 neque
1434 4361 1499 4426 per
