3362 4944
408 1459 534 1524 mentio
549 1458 679 1524 dissidii
707 1460 950 1524 sententiarum
975 1460 1067 1543 quod
1083 1479 1190 1544 nuper
1204 1463 1295 1528 exci-
1338 1479 1475 1552 pessumo

406 1570 478 1626 tum
495 1561 603 1626 estin
627 1561 746 1627 Galliis
779 1581 878 1643 super
902 1581 938 1626 re
964 1561 1163 1644 gravissima
1181 1583 1190 1642 ;
1205 1563 1296 1646 quod
1323 1539 1474 1644 ῗξῇῗὲξζ

191 1666 368 1731 dissidium
381 1685 421 1730 eo
431 1665 539 1748 magis
555 1663 696 1730 abbesse
705 1673 883 1748 oporteret,
899 1684 967 1748 quo
984 1665 1091 1748 magis
1108 1667 1295 1732 necessaria
1322 1663 1346 1704 ¹⁰

191 1777 246 1834 est
255 1769 342 1834 inter
352 1767 535 1834 catholicos
544 1787 662 1833 omnes
675 1787 807 1832 summa
822 1767 1035 1833 voluntatum
1052 1769 1253 1837 coniunctio.

388 1251 610 1317 EDDITAE
628 1252 709 1317 mihi
732 1263 812 1317 sunt
836 1253 968 1317 litterae
992 1251 1036 1316 ab
1060 1253 1298 1336 Amplitudine
1330 1261 1473 1362 maim·

186 1250 378 1625 {AB}
408 1355 548 1420 Tuadie
563 1373 603 1436 19
619 1355 823 1421 Novembris
839 1356 1071 1440 datae,quibus
1087 1367 1159 1423 erat
1174 1357 1299 1424 iniecta
1367 1371 1433 1430 1890.

236 1873 332 1957 Quae
348 1891 442 1937 mens
453 1892 492 1936 ac
502 1872 671 1936 sententia
686 1873 730 1936 sit
741 1871 964 1954 Apostolicae
980 1871 1078 1938 Sedis
1094 1893 1135 1937 ea
1143 1892 1244 1958 super
1253 1893 1297 1953 re,
1322 1868 1473 1974 „3255

188 1975 286 2042 facile
301 1975 501 2058 dignoscere
510 1983 607 2059 potes
622 1994 669 2040 ex
684 1975 839 2040 doctrina
851 1973 1022 2057 explicata
1043 1977 1077 2038 in
1101 1975 1185 2042 actis
1210 1996 1296 2060 quae
1321 1985 1472 2054 siuetactis

191 2077 236 2142 ab
251 2078 370 2142 eadem
393 2079 555 2161 prodiere.
567 2111 611 2124 -
623 2079 721 2144 Patet
740 2098 784 2142 ex
801 2077 866 2142 illis
882 2077 1082 2142 catholicam
1100 2076 1295 2160 Ecclesiam,
1319 2045 1471 2150 ssffd‘m'

185 2181 283 2247 cuius
306 2182 420 2246 divina
446 2182 561 2247 missio
576 2191 730 2266 tempora
749 2191 782 2246 et
807 2182 881 2246 loca
911 2181 1026 2246 omnia
1051 2183 1295 2265 complectitur,
1367 2265 1395 2310 Ν
1447 2265 1461 2311 b

1392 2279 1446 2310 (ma
1463 2291 1471 2301 ·

188 2285 272 2351 nihil
285 2286 318 2348 in
331 2305 393 2349 sua
407 2285 649 2352 constitutione
661 2295 695 2350 et
706 2285 868 2351 doctrinis
880 2286 1004 2351 habere
1018 2287 1109 2370 quod
1127 2286 1171 2351 ab
1182 2286 1294 2371 aliqua
1320 2324 1401 2370 hm„
1441 2325 1471 2371 a,

188 2389 368 2455 abhorreat
384 2388 587 2471 reipublicae
602 2389 719 2467 forma,
734 2410 838 2474 quum
855 2389 1007 2473 singulae
1022 2390 1189 2474 optimum
1214 2392 1293 2457 civi·
1320 2383 1470 2502 xlm·

186 2494 266 2557 tatis
278 2502 404 2558 statum
419 2513 535 2576 parare
551 2513 590 2558 ac
600 2493 685 2558 tueri
697 2493 837 2577 possint,
850 2493 877 2558 si
889 2493 977 2558 iuste
986 2513 1025 2558 ac
1042 2495 1223 2576 prudenter
1235 2497 1293 2560 ad·
1319 2503 1394 2574 eirca,
1413 2502 1469 2573 πίεζ-

185 2597 374 2662 hibeantur.
390 2596 527 2663 Scilicet
546 2597 699 2662 Ecclesia
724 2616 901 2682 assurgens
917 2617 1018 2682 supra
1036 2598 1215 2663 mutabiles
1229 2598 1290 2666 im·
1314 2575 1470 2692 m&

183 2701 266 2785 perii
284 2700 409 2765 formas
425 2721 464 2765 ac
473 2702 708 2768 contentiones
724 2711 759 2766 et
779 2703 892 2768 studia
913 2702 1069 2784 partium,
1084 2711 1214 2785 spectat
1229 2702 1290 2767 im·
1317 2682 1429 2728 mmm·

181 2805 299 2888 primis
311 2803 482 2887 religionis
503 2805 712 2870 incrementa
736 2813 770 2870 et
795 2806 983 2870 animarum
1009 2805 1176 2886 salutem;
1199 2807 1290 2891 quod

180 2906 308 2970 bonum
325 2926 518 2990 supremum
535 2918 595 2985 est,
610 2909 664 2972 cui
677 2908 825 2973 curando
850 2928 889 2972 ac
912 2908 1128 2991 provehendo
1140 2910 1289 2975 studium

182 3029 390 3093 operamque
405 3031 542 3076 omnem
554 3011 673 3077 sedulo
687 3013 790 3077 debet
804 3013 964 3078 conferre.

233 3114 330 3178 Haec
355 3114 506 3198 cogitans
533 3125 568 3178 et
590 3115 707 3179 animo
739 3114 917 3180 intendens
941 3114 1141 3198 Apostolica
1175 3114 1291 3194 Sedes,
1354 3139 1468 3210 ptiust.

185 3217 402 3283 traditionem
428 3237 571 3300 sequens
594 3227 743 3284 aetatum
770 3218 932 3295 omnium,
956 3237 1023 3281 non
1052 3219 1153 3282 modo
1179 3216 1292 3282 civiles
1317 3199 1469 3312 23:223,ss

185 3329 372 3402 potestates
395 3320 552 3385 observat
575 3320 660 3404 (sive
691 3321 798 3399 unius,
828 3320 898 3385 sive
925 3319 1070 3405 plurium
1086 3321 1226 3404 imperio
1241 3341 1290 3386 re·
1316 3319 1469 3437 gfffffia·

184 3433 284 3505 gatur
298 3423 510 3506 respublica),
524 3425 584 3489 sed
598 3425 701 3490 etia'm
717 3445 794 3490 cum
811 3425 851 3489 iis
866 3425 937 3507 agit
953 3425 1062 3489 missis
1074 3425 1291 3510 exceptisque
1317 3437 1381 3482 runs
1418 3441 1469 3482 tra·

183 3525 315 3590 nunciis
331 3535 365 3591 et
380 3526 509 3610 legatis,
525 3537 558 3593 et
570 3529 710 3594 consilia
725 3527 854 3594 confert
869 3530 912 3593 ad
929 3529 1145 3611 transigenda
1156 3529 1291 3613 negotia
1316 3501 1374 3542 ‘'a''

185 3639 220 3696 et
235 3629 444 3696 definiendas
458 3631 682 3715 quaestiones,
698 3653 784 3716 quae
801 3641 934 3698 mutuas
959 3634 1105 3698 rationes
1122 3632 1291 3698 Ecclesiae

183 3743 221 3798 et
236 3733 439 3818 reipublicae
454 3734 635 3818 attingunt.
650 3773 694 3786 -
710 3737 902 3802 Perfunctio
917 3737 1015 3801 huius
1033 3737 1187 3816 muneris,
1199 3736 1292 3800 cuius
1383 3763 1386 3772 ·

186 3837 377 3920 amplitudo
401 3839 568 3903 humanas
594 3859 647 3904 res
675 3841 910 3924 supereminet,
936 3841 1064 3905 nullum
1085 3840 1183 3906 insert
1197 3858 1292 3923 prae·

185 3939 347 4006 iudicium
379 3941 505 4006 iuribus
532 3961 619 4024 quae
649 3941 735 4008 forte
765 3944 808 4010 ad
832 3944 963 4026 aliquos
978 3952 1129 4026 spectare
1144 3953 1295 4025 possunt,

183 4041 278 4108 velut
294 4043 467 4127 sapienter
482 4044 663 4111 declaravit
679 4056 817 4111 sanctae
839 4047 1022 4111 memoriae
1039 4044 1196 4109 Pontifex
1212 4045 1295 4111 Gre-

185 4145 302 4230 gorius
319 4145 417 4224 XVI,
432 4147 646 4210 decessorum
663 4166 798 4212 suorum
815 4147 958 4231 vestigia
969 4147 1164 4230 sequens,in
1178 4146 1296 4214 litteris

190 4247 383 4330 Apostolici
399 4247 455 4313 die
470 4265 490 4331 7
504 4249 652 4332 Augusti
667 4249 756 4316 datis
772 4269 861 4313 anno
882 4251 973 4328 1831,
1001 4269 1141 4332 quarum
1163 4249 1295 4318 initium

193 4363 214 4418 d
231 4349 419 4416 Sollicitudo
434 4365 463 4420 l.
