3352 4926
249 1113 362 1173 Pontifex

210 1177 314 1224 libenter

389 217 462 305 256
524 233 672 286 11111111.
693 233 820 284 nrosr.
845 220 866 250 “
885 233 1054 286 orrunus
1072 234 1223 300 Qumsu
1241 235 1322 288 snm
1342 270 1363 300 „

386 412 452 477 Dei
464 411 620 480 Genitrix
632 415 742 480 Maria
757 413 1014 497 independentis
1039 413 1148 497 Congi
1174 423 1282 479 status
1306 415 1488 499 praecipua

386 517 477 598 apud
494 515 606 581 Deum
618 518 764 583 Patrona
780 515 980 581 auctoritate
1007 516 1132 581 Nostra
1152 516 1354 601 Apostolica
1368 537 1489 582 renun-

386 621 498 685 cietur.
513 621 584 686 Nos
597 621 661 704 piis
672 623 763 686 hisce
773 620 926 705 precibus
938 641 978 684 eo
995 619 1150 685 libentius
1173 621 1390 686 annuendum
1410 641 1490 687 cen·

385 724 523 801 suimus,
537 744 606 808 quo
618 725 811 808 impensiori
827 723 997 808 religionis
1006 723 1120 789 studio
1137 724 1246 790 Nobis
1259 734 1340 789 sunt
1358 725 1493 790 exhibi-

385 837 449 893 tae.
461 827 640 894 Caeterum
657 849 724 894 non
737 848 852 893 sumus
867 827 961 893 dubii
975 827 1058 912 quin
1073 828 1250 893 consilium
1266 849 1287 893 a
1303 837 1492 894 memorato

387 931 464 995 Van
477 932 520 996 de
531 931 664 1016 Berghe
675 930 880 1015 patefactum
893 932 1027 1016 longius
1036 933 1401 1018 producatur,adeoque
1412 953 1496 998 con-

387 1033 522 1100 fidimus
538 1035 608 1100 iore
624 1047 662 1102 ut
674 1036 707 1100 in
724 1037 829 1101 libero
844 1036 954 1120 Congi
966 1045 1055 1100 statu
1066 1035 1208 1118 dignum
1229 1037 1356 1120 pietate
1371 1035 1495 1119 Belga-

387 1159 471 1218 rum,
487 1140 628 1221 dignum
639 1141 815 1205 maiestate
826 1149 929 1224 atque
940 1139 1164 1223 amplitudine
1180 1140 1359 1224 Augustae
1375 1139 1495 1204 Patro·

211 1251 261 1282 ”’
237 1232 363 1340 ”’ῬΡ
389 1261 454 1308 nae
470 1243 635 1326 tempium
652 1245 900 1326 quamprimum
923 1253 1086 1327 assurgat.
1117 1243 1230 1328 Quare
1255 1242 1347 1326 quod
1363 1243 1494 1308 bonum

208 1355 299 1414 priorsus
278 1353 362 1399 isD-

209 1421 241 1472 pa
243 1418 313 1518 νῖςω

210 1473 296 1519 troi
250 1487 362 1518 nnnnn

209 1534 312 1593 signato.

388 1345 537 1430 felixque
548 1348 591 1411 sit
601 1357 635 1411 et
651 1346 786 1411 Africae
801 1346 911 1430 gentis
927 1345 1027 1410 saluti
1041 1346 1246 1424 benevertat
1259 1345 1330 1411 Nos
1343 1347 1497 1428 Aposto-

318 1418 452 1516 pilica
468 1450 667 1515 auctoritate
683 1450 715 1514 N
718 1459 810 1516 ostra
824 1469 884 1532 per
892 1450 953 1514 has
968 1451 1095 1514 litteras
1109 1449 1366 1516 Immaculatam
1378 1451 1494 1534 Virgi-

389 1574 465 1620 nem
483 1555 548 1622 Dei
573 1554 776 1647 Genitricem
804 1555 948 1619 Mariam
976 1553 1085 1637 Congi
1107 1554 1370 1638 independentis
1394 1574 1493 1639 prac-

387 1659 520 1742 cipuam
544 1660 577 1723 in
608 1637 708 1724 caelis
722 1660 903 1724 Patronam
920 1667 1120 1742 perpetuum
1143 1659 1178 1722 in
1206 1659 1345 1724 modum
1364 1661 1492 1724 consti-

386 1765 521 1842 tuimus,
543 1763 790 1844 renuntiamus;
815 1764 913 1846 eique
938 1763 1082 1827 honores
1111 1781 1228 1828 omnes
1251 1783 1289 1826 ac
1316 1763 1494 1847 privilegia

386 1868 697 1952 attribuimus,quae
709 1869 913 1952 principibus
925 1868 1073 1934 locorum
1088 1867 1241 1933 Patronis
1257 1869 1299 1932 de
1315 1868 1386 1932 iure
1397 1887 1491 1932 com·

387 1980 521 2056 petunt:
552 1993 590 2036 ac
617 1981 794 2056 propterea
823 1970 946 2037 festum
973 1971 1227 2054 Assumptionis
1244 1971 1411 2054 Deiparae
1431 1971 1491 2034 die

387 2075 765 2158 decimaquintamensis
777 2075 925 2157 Augusti
934 2075 1115 2158 quotannis
1125 2083 1487 2156 occurrenstamquam

387 2178 564 2244 Patronale
575 2180 700 2245 ibidem
716 2179 830 2245 haberi
843 2188 878 2243 et
892 2179 986 2243 reddi
1002 2177 1164 2257 volumus,
1174 2178 1335 2242 iubemus
1362 2178 1489 2241 Decer-

386 2292 503 2346 nentes
518 2291 710 2365 praesentes
725 2282 853 2347 litteras
869 2279 1127 2360 firmas,vaiidas
1142 2289 1177 2345 et
1192 2279 1342 2344 efficaces
1354 2298 1491 2361 semper

386 2386 530 2450 existere
542 2396 576 2451 et
588 2384 667 2464 iore,
682 2405 828 2470 suosque
839 2384 1004 2469 plenarios
1020 2393 1053 2447 et
1069 2383 1217 2466 integros
1227 2382 1364 2448 effectus
1375 2380 1489 2445 sortiri

385 2494 419 2550 et
434 2485 593 2564 obtinere,
609 2505 647 2549 ac
663 2485 737 2563 illis,
752 2485 795 2549 ad
811 2504 895 2569 quos
910 2492 1040 2567 spectat
1055 2492 1090 2548 et
1105 2503 1166 2565 pro
1181 2491 1333 2564 tempore
1345 2497 1488 2565 quomo-

385 2589 513 2654 dolibet
528 2589 702 2672 spectabit,
724 2589 758 2652 in
782 2588 938 2654 omnibus
953 2596 988 2651 et
1002 2607 1062 2670 per
1076 2586 1188 2651 omnia
1205 2585 1397 2669 plenissime
1419 2582 1494 2648 sui·

387 2691 551 2776 stagari,et
567 2693 695 2757 irritum
711 2711 783 2756 esse
798 2701 833 2757 et
845 2691 943 2756 inane
955 2691 982 2755 si
993 2710 1088 2754 secus
1098 2709 1196 2773 super
1211 2689 1263 2754 his
1276 2710 1296 2753 a
1311 2707 1501 2772 quoquam,

386 2797 503 2881 quavis
517 2794 725 2871 auctoritate,
740 2793 882 2859 scienter
896 2794 949 2857 vel
965 2794 1168 2876 ignoranter,
1178 2793 1356 2874 contigerit
1377 2801 1488 2857 atten-

387 2901 460 2965 tari.
490 2900 568 2963 Non
595 2897 807 2964 obstantibus
837 2895 1132 2963 constitutionibus
1158 2905 1193 2960 et
1218 2894 1485 2960 ordinationibus

386 3002 603 3084 Apostolicis‚
614 3001 800 3084 ceterisque
809 3000 983 3065 contrariis
1000 2998 1276 3083 quibuscumque.

431 3104 560 3171 Datum
577 3107 708 3170 Romae
721 3105 812 3188 apud
829 3103 863 3170 S.
885 3105 1020 3169 Petrum
1037 3102 1099 3166 sub
1115 3102 1217 3168 anulo
1234 3103 1411 3167 Piscatoris
1433 3103 1494 3166 die

386 3227 425 3274 21
447 3210 522 3275 Iulii
542 3212 633 3290 1891,
650 3207 868 3273 Pontificatus
884 3207 1001 3272 Nostri
1010 3227 1100 3271 anno
1111 3206 1243 3272 decimo
1259 3215 1387 3290 quarto.

845 3381 1406 3450 merantuuocflowsxl.
