3352 4926
352 285 404 338 DE
421 283 543 338 REBUS
561 283 786 338 CATHOLICIS
806 285 848 336 IN
876 285 1090 339 LUSITANIA.
1205 277 1277 356 247

169 473 236 540 tus,
251 483 351 546 quern
368 483 495 529 rnorem
511 483 616 546 penes
642 482 702 527 vos
728 463 829 528 etiam
853 463 967 529 induci
983 474 1017 530 et
1031 463 1126 528 vobis
1142 463 1177 526 in
1192 463 1280 527 votis

170 585 246 632 esse
261 570 414 632 novimus
430 577 464 634 et
483 569 551 652 Ipsi
568 587 774 652 magnopere
789 577 956 652 optamus,
971 587 1075 652 quum
1103 568 1193 632 bona
1209 568 1281 632 eius

168 692 239 754 ope
253 671 404 755 religioni
428 681 534 755 parta,
550 670 729 755 multiplici
752 681 786 737 et
810 672 979 737 constanti
1003 671 1157 736 eluceant
1176 691 1279 754 expe-

172 777 313 841 rientiae
341 778 546 844 testimonio.
567 814 611 826 -
634 777 725 844 Sane
755 795 800 840 ex
830 775 1023 841 huiusmodi
1053 783 1280 840 conventuum
1321 764 1404 834 nujus
1419 764 1457 810 ‘'³''

171 878 360 963 frequentia
390 881 536 963 primum
566 900 607 945 ea
638 879 797 964 sequitur,
827 899 929 964 qnam
958 879 1120 958 diximus,
1149 897 1282 944 summa
1299 829 1459 942 imne-

170 983 350 1048 consensio
372 995 406 1048 et
431 983 638 1050 consociatio
664 983 794 1061 virium,
809 1003 896 1067 quae
911 1001 978 1048 una
994 983 1125 1066 magnis
1141 981 1282 1064 inceptis
1303 948 1460 1108 ῧῖῗῖἑῖἱοῖ

169 1083 301 1149 faustos
316 1086 397 1150 dare
412 1097 524 1170 potest
535 1088 658 1167 exitus,
668 1097 742 1153 tum
754 1085 948 1168 coje'nntium
959 1083 1162 1151 Antistitum
1175 1085 1283 1167 magis
1308 1066 1378 1168 ζῖξζ,
1387 1077 1459 1181 „22

173 1189 350 1272 magisque
386 1192 611 1258 incenduntur
640 1192 684 1258 ad
717 1191 889 1277 agendum
926 1189 1038 1268 animi,
1068 1187 1284 1255 confirmatur
1305 1193 1400 1242 W?

174 1290 306 1372 fiducia,
332 1295 569 1362 collustrantur
596 1306 727 1362 mentes
752 1296 883 1361 collatis
910 1293 1057 1359 consiliis
1083 1301 1117 1359 et
1140 1293 1282 1357 invicem

173 1399 360 1482 sapientiae
385 1399 567 1466 luminibus
597 1399 864 1466 communicatis.
894 1397 951 1464 Ad
982 1399 1065 1463 haec
1095 1417 1155 1481 per
1182 1396 1285 1462 hosce

170 1511 290 1566 coetus
317 1505 476 1568 sternitur
501 1505 556 1569 via
579 1504 835 1587 quodammodo
858 1522 935 1567 curn
951 1501 995 1566 ad
1012 1501 1227 1566 dioecesanas
1250 1508 1285 1564 et

171 1603 394 1687 provinciales
420 1607 594 1672 habendas
623 1606 793 1689 Synodos,
808 1615 881 1669 turn
906 1603 949 1669 ad
971 1603 1161 1688 cogendum
1177 1601 1285 1667 natio-

172 1706 250 1772 nale
272 1708 462 1788 concilium,
483 1709 577 1774 cuius
593 1709 856 1774 celebrationem
880 1707 976 1772 vobis
1002 1708 1036 1772 in
1060 1707 1186 1790 optatis
1212 1724 1286 1770 esse

175 1799 381 1897 magnopere
404 1816 601 1898 gaudemus,
626 1834 702 1880 eam
727 1834 875 1899 namque
896 1813 1055 1878 diuturna
1076 1813 1285 1896 experientia

175 1917 329 1984 utilitatis
344 1940 364 1983 e
379 1919 543 1988 similibus
565 1920 770 2004 praegressis
790 1929 911 2001 captae
925 1917 1142 1984 vehementer
1157 1921 1285 1997 suadet,

174 2031 210 2086 et
239 2035 408 2088 sacrorum
446 2043 614 2088 canonum
652 2021 858 2106 praescripta
888 2022 1048 2086 maiorem
1080 2021 1114 2084 in
1146 2023 1284 2087 modum

169 2128 476 2194 commendant-
486 2129 589 2193 Porro
603 2147 650 2192 ex
665 2128 796 2204 annuis,
809 2145 894 2209 quos
909 2125 1069 2203 diximus,
1080 2124 1284 2190 Antistitum

166 2232 394 2296 conventibus
417 2231 500 2298 illud
527 2231 631 2296 etiarn
658 2232 825 2314 optimum
850 2230 1000 2314 sequitur
1026 2237 1064 2293 ut
1078 2228 1154 2294 laici
1170 2227 1285 2293 fideles

171 2339 269 2402 novis
285 2339 387 2404 veluti
412 2339 557 2405 stimulis
580 2339 728 2404 admotis
755 2338 898 2403 alacrius
919 2339 1110 2421 gradientes
1126 2356 1166 2401 ea
1180 2356 1283 2421 quarn

168 2441 275 2506 iniere
291 2443 345 2507 via
360 2435 503 2526 pergant
518 2451 552 2508 et
564 2442 627 2527 ipsi
644 2451 830 2508 conventus
846 2461 955 2525 agere,
970 2441 1109 2506 consilia
1124 2440 1283 2520 conferre,

171 2545 360 2629 iunctisque
373 2546 497 2610 viribus
509 2545 637 2611 conniti
649 2545 693 2610 ad
705 2563 919 2610 communem
936 2545 1097 2610 tuendam
1114 2543 1282 2627 religionis

165 2667 385 2727 ·caussam,ae
394 2651 486 2715 dicto
501 2649 678 2714 audientes
695 2649 890 2715 Pastoribus
899 2650 968 2714 suis
980 2669 1020 2712 ea
1030 2648 1178 2714 studiose
1188 2667 1282 2729 pera-

170 2771 251 2836 gere
265 2771 352 2834 quae
367 2752 412 2817 ab
426 2752 507 2835 ipsis
530 2752 730 2817 docentibus
756 2763 791 2817 et
806 2753 1061 2818 cohortantibus
1076 2751 1282 2834 exceperint.

172 2853 293 2938 Neque
308 2873 387 2920 vero
403 2857 697 2940 congredientibus
712 2857 809 2922 vobis
825 2857 859 2919 in
875 2857 1027 2921 coetibus
1043 2856 1163 2924 annuis
1179 2875 1282 2938 nego-

167 2957 296 3024 tiorum
322 2961 419 3042 copia
442 2958 599 3024 defutura
625 2971 688 3038 est,
717 2960 839 3043 quibus
864 2980 925 3024 vos
949 2967 1104 3042 oporteat
1130 2958 1279 3024 studium

165 3080 376 3145 ¹operamque
400 3083 532 3130 navare.
557 3064 648 3128 Nam
675 3072 806 3146 praeter
829 3063 1010 3145 peculiaria
1034 3063 1171 3145 negotia
1192 3080 1280 3145 quae
1314 3063 1459 3109 uersuram

1304 3123 1438 3168 communis

172 3161 258 3228 forte
284 3166 317 3230 in
349 3166 490 3250 singulis
519 3167 729 3233 dioecesibus
759 3165 946 3244 inciderint,
975 3184 1128 3248 quaeque
1159 3167 1280 3232 rectius
1305 3181 1413 3227 aereus

172 3269 326 3350 expediri
342 3272 513 3352 potuerint
527 3272 689 3338 adhibitis
697 3270 887 3337 communis
902 3269 1132 3354 experientiae
1147 3268 1280 3335 lumini·
1305 3241 1459 3346 imm.

172 3371 245 3452 bus,
260 3375 409 3458 amplam
425 3376 599 3458 praebebit
614 3385 764 3459 segetem
782 3375 979 3459 prudentiae
994 3382 1028 3439 et
1044 3373 1281 3440 consultationi
1300 3359 1459 3479 mlix*

171 3485 302 3541 vestra‘e
318 3479 516 3546 deliberatio
531 3491 565 3544 et
580 3481 777 3546 constitutio
792 3498 908 3543 eorum
931 3496 1018 3562 quae
1041 3479 1191 3542 maxime
1206 3497 1283 3562 pro·
1309 3492 1368 3548 '⁸⁰⁸2
1396 3485 1459 3537 W·

168 3577 286 3643 rutum
300 3581 367 3644 sint
380 3582 422 3646 ad
436 3582 647 3648 incendenda
658 3583 871 3648 sacerdotum
883 3581 996 3646 studia
1012 3581 1069 3664 qui
1085 3583 1189 3645 modo
1203 3601 1282 3665 ope·
1307 3542 1391 3650 lem
1415 3537 1459 3582 ‘ll‘

174 3693 290 3748 rantur
305 3686 340 3748 in
351 3686 449 3750 vinea
464 3686 613 3764 Domini,
631 3698 734 3771 atque
748 3687 792 3752 ad
805 3686 960 3750 alumnos
975 3684 1182 3749 excolendos
1197 3702 1284 3768 quos

173 3786 301 3851 enitere
316 3787 499 3871 aliquando
514 3791 684 3874 oportebit
710 3791 743 3855 in
770 3790 874 3855 domo
901 3789 966 3852 Dei
982 3787 1110 3852 solidae
1126 3787 1285 3872 scientiae

175 3886 311 3965 lumine,
327 3891 477 3970 germani
505 3891 641 3972 spiritus
667 3888 883 3954 ecclesiastici
906 3888 1014 3964 lande,
1029 3886 1124 3951 omni
1147 3887 1284 3950 demum

175 3991 435 4057 sacerdotalium
451 3995 612 4059 virtutum
629 4004 757 4060 ornatu.
773 4029 816 4042 -
833 3993 920 4057 Item
944 3999 1119 4074 paternam
1144 3989 1285 4072 vigilan·
1309 3989 1463 4110 saw-⁸

176 4095 260 4161 tiam
275 4107 421 4162 vestram
437 4098 609 4164 exercebit
623 4098 767 4181 diligens
782 4093 954 4179 inquisitio
970 4112 1095 4171 eorum,
1110 4112 1197 4176 quae
1212 4093 1285 4176 plu·
1452 4083 1459 4100 '

177 4199 299 4266 timum
312 4202 486 4266 conserant
498 4213 536 4267 ut
547 4202 625 4267 fidei
638 4201 836 4268 rudimentis
851 4198 997 4285 populns
1006 4205 1096 4262 recte
1108 4197 1287 4277 imbuatur,

170 4310 316 4392 eiusque
332 4309 539 4392 corrigantur
556 4327 674 4386 mores,
690 4318 726 4372 ut
738 4307 862 4389 scripta
877 4302 1056 4387 vulgentur
1069 4321 1157 4385 quae
1168 4322 1285 4370 sanam
