3352 4926
398 245 449 296 DE
467 245 499 295 B.
521 245 561 297 M.
581 244 617 294 V.
638 243 816 296 PATRONA
829 243 946 296 CONGI
965 244 1072 297 BELG.
1204 245 1248 318 25
1255 245 1274 319 5

168 423 235 489 Dei
247 439 371 503 easque
387 418 490 482 nobili
515 418 637 481 sudore
663 416 853 482 secundant
879 417 1001 500 Itaque
1017 438 1093 484 cum
1108 420 1275 488 bonorum
1361 439 1390 472 ²1

167 525 321 592 omnium
336 521 446 587 datori
467 521 544 585 Deo
567 520 694 604 gratias
712 520 853 602 agimus
876 526 948 584 tum
977 522 1104 587 meritis
1121 525 1276 592 laudibus
1326 484 1424 595 Jssql-

169 632 311 697 libenter
338 624 571 710 prosequimur
597 633 808 705 praestantes
846 625 944 702 viros,
975 627 1031 708 qui
1073 627 1277 696 christianae

170 735 331 801 Afrorum
347 729 498 795 culturae
511 737 687 812 praesunt;
710 737 744 792 et
774 728 885 811 placet
900 729 934 793 in
951 730 1067 812 primis
1092 751 1277 800 memorare

173 839 333 904 dilectum
350 831 454 898 filium
467 832 653 899 Osvaldum
667 832 811 896 Mariam
828 831 904 896 Van
915 833 958 896 de
975 834 1107 917 Berghe
1118 837 1278 904 ecclesiae

175 940 294 1010 Sancti
311 936 445 1020 Iosephi
457 936 667 1018 Antuerpiae
687 936 882 1017 parochum,
896 935 953 1019 qui
969 937 1095 1019 primas
1114 941 1277 1008 stationes

174 1045 354 1128 religiosas,
370 1041 452 1106 utile
466 1040 603 1123 quidem
620 1059 659 1104 ac
671 1039 880 1104 fructuosum
904 1059 999 1122 opus,
1025 1043 1138 1107 studio
1164 1065 1278 1131 sump-

170 1163 276 1235 tuque
287 1167 349 1212 suo
364 1143 617 1210 constituendas
640 1145 778 1210 curavit.
808 1144 991 1228 Participes
1018 1166 1095 1210 cum
1126 1168 1167 1212 eo
1193 1153 1278 1216 sicut

172 1253 294 1336 operis,
327 1250 374 1314 ita
389 1247 524 1330 gloriae,
554 1246 708 1310 novimus
736 1245 808 1310 esse
838 1247 978 1311 dilectos
1009 1247 1094 1313 filios
1126 1251 1278 1319 Comites

176 1355 374 1422 Mauritium
389 1355 433 1418 de
450 1352 597 1417 Ramaix
614 1360 647 1417 et
658 1351 915 1418 Florimundum
928 1353 971 1418 de
987 1355 1162 1440 Bergeyck
1186 1379 1278 1443 egre-

174 1462 229 1544 gie
245 1469 279 1524 et
295 1459 385 1542 ipsos
400 1458 443 1522 de
459 1455 536 1520 fidei
561 1475 620 1537 per
646 1454 802 1537 Congum
834 1458 1078 1540 propagatione
1105 1473 1279 1541 merentes,

175 1583 308 1647 unaque
317 1580 394 1625 cum
411 1561 451 1624 iis
464 1559 674 1624 Ludovicum
705 1579 770 1623 van
794 1558 999 1639 Ockerhout,
1010 1564 1067 1645 qui
1077 1562 1277 1647 hospitalem

173 1669 313 1734 domum
338 1667 372 1730 in
400 1681 582 1748 egenorum
613 1663 800 1728 subsidium
828 1685 889 1729 sua
926 1665 1079 1748 impensa
1109 1671 1279 1737 excitavit.

176 1774 304 1840 Verum
321 1770 395 1835 Nos
411 1787 478 1833 non
505 1769 553 1833 ita
568 1769 748 1851 Belgarum
765 1769 878 1833 studio
904 1770 938 1832 in
964 1770 1073 1854 Congi
1089 1773 1280 1857 regionibus

175 1874 341 1958 evangelii
371 1873 446 1937 luce
475 1873 710 1936 collustrandis
734 1893 978 1956 permovemur,
1003 1894 1105 1957 quarn
1136 1880 1281 1946 iucunde

177 1979 340 2045 afficimur
355 1975 516 2060 singulari
538 1995 652 2040 eorum
669 1977 804 2058 pietate,
819 1997 952 2041 summa
963 1977 1029 2042 fide
1045 1989 1079 2042 et
1094 2001 1153 2062 spe
1177 2003 1279 2066 quam

177 2086 212 2148 in
224 2082 302 2147 Deo
317 2082 461 2165 positam
472 2080 606 2145 habent.
621 2080 775 2163 Ipsorum
792 2081 881 2145 enim
902 2081 1036 2164 plurimi
1057 2083 1147 2148 haud
1173 2087 1281 2169 ignari
1329 2137 1456 2182 Postulan-

179 2187 310 2253 labores
320 2206 399 2251 suos
418 2186 451 2249 in
472 2185 615 2250 colendo
627 2205 709 2268 agro
722 2185 903 2250 Dominico
927 2197 997 2250 tarn
1024 2188 1157 2253 deserto
1180 2199 1280 2274 atque
1305 2197 1368 2267 tibus
1404 2197 1456 2240 Μ·

178 2312 300 2375 aspero
314 2290 577 2373 haudquaquam
604 2310 701 2373 pares
727 2290 865 2368 futuros,
894 2291 959 2355 nisi
989 2292 1142 2357 caelestis
1164 2296 1281 2359 vineae
1303 2255 1456 2386 iisfs’sffl'

180 2395 350 2460 Dominus
360 2393 837 2476 viressuppeditarit,divinam
849 2395 919 2459 eius
929 2395 1279 2479 opemimplorandam
1307 2373 1457 2480 ma?

180 2507 214 2564 et
228 2501 445 2580 interpretem
462 2507 616 2562 votorum
633 2497 897 2581 adiutricemque
912 2499 1139 2565 adhibendam
1158 2502 1282 2567 Imma·
1304 2493 1460 2612 {fffflff‘
1567 2493 1568 2496 ¹

179 2602 327 2666 culatam
360 2600 503 2664 Mariam
540 2600 716 2683 Virginem
740 2602 897 2667 concordi
924 2603 1036 2667 studio
1074 2615 1283 2671 censuerunt.
1308 2613 1419 2657 Patrona

179 2705 275 2770 Nihil
297 2706 403 2768 immo
434 2703 504 2767 iore
527 2706 638 2786 aptius
661 2714 763 2788 atque
789 2709 1011 2789 opportunius
1038 2709 1077 2772 iis
1096 2709 1203 2773 visum
1224 2721 1283 2786 est,
1305 2673 1435 2785 meame-

178 2829 282 2893 quam
299 2817 336 2872 ut
362 2808 396 2871 in
417 2807 624 2872 abducendis
654 2809 698 2872 ab
714 2829 860 2874 errorum
877 2811 1112 2894 superstitione
1127 2815 1284 2896 gentibus

181 2911 292 2995 Congi
305 2911 411 2995 iisque
421 2911 463 2975 ad
479 2931 593 2975 veram
605 2909 729 2975 Christi
746 2913 945 2994 sapientiam
958 2913 1173 2993 advocandis,
1189 2917 1284 2981 item-

180 3015 292 3092 quein
307 3016 466 3079 servitute
482 3014 689 3097 Nigritarum
706 3014 1014 3093 delenda,eamdem
1031 3017 1093 3080 sibi
1106 3017 1284 3084 caelestem

181 3117 363 3182 Patronam
379 3118 603 3182 adsciscerent
621 3115 824 3182 Genitricem
841 3117 917 3181 Filii
949 3119 1023 3196 Dei,
1042 3141 1062 3183 a
1083 3140 1151 3203 quo
1172 3121 1284 3189 lumen

178 3221 342 3286 mentium
359 3231 393 3286 et
405 3221 549 3286 filiorum
565 3220 753 3285 libertatem
781 3222 978 3304 accepimus.
996 3221 1127 3306 Quibus
1143 3245 1162 3287 e
1186 3227 1286 3291 rebus

178 3325 322 3391 dilectus
339 3326 443 3390 Filius
454 3325 580 3390 Noster
595 3327 712 3391 Petrus
729 3325 931 3390 Lambertus
943 3325 978 3392 S.
994 3327 1034 3390 R.
1051 3327 1092 3393 E.
1109 3327 1287 3414 Presbyter

180 3427 368 3494 cardinalis
380 3428 550 3500 Goossens
567 3449 612 3492 ex
628 3429 880 3512 dispensatione
897 3428 1099 3512 Apostolica
1111 3432 1285 3519 Archiepi·

180 3552 304 3616 scopus
321 3532 573 3599 Mechliniensis
585 3542 619 3597 et
635 3554 767 3617 praeses
782 3533 979 3599 honorarius
995 3533 1083 3600 illius
1099 3540 1285 3622 coetus,qui

178 3655 265 3720 opus
281 3635 359 3700 fidei
375 3637 408 3701 in
426 3637 546 3721 Congo
562 3638 700 3721 Belgico
725 3639 918 3704 dilatandae
933 3639 1129 3704 omnimode
1152 3662 1286 3725 promo·

179 3750 246 3821 vet,
257 3748 292 3805 et
307 3739 526 3806 venerabiles
541 3742 675 3805 Fratres
686 3741 814 3825 Belgici
825 3741 1007 3807 Antistites
1023 3761 1090 3807 una
1105 3763 1181 3810 cum
1198 3745 1286 3812 clero

179 3853 215 3908 et
233 3845 398 3927 supremis
423 3845 691 3910 moderatoribus
715 3845 833 3929 Congi,
865 3865 926 3910 nec
956 3866 1023 3911 non
1056 3845 1200 3912 illustres
1230 3851 1286 3916 alii

179 3949 307 4031 pietate
328 3957 363 4012 et
381 3948 539 4012 munifica
554 3947 836 4027 liberalitateviri‚
856 3969 941 4032 quos
967 3949 1054 4014 inter
1076 3947 1169 4014 lubet
1195 3971 1287 4017 com-

181 4053 342 4117 mendare
368 4050 529 4117 dilectum
559 4051 665 4116 filiurn
691 4052 859 4118 Comitem
889 4051 1070 4136 Iosephum
1098 4051 1140 4117 de
1157 4053 1286 4138 Hemp·

181 4157 279 4222 tinne
291 4155 469 4221 memorati
484 4165 600 4220 coetus
616 4155 870 4222 solertissimum
895 4155 1092 4240 praesidem,
1119 4157 1288 4241 supplices

183 4261 229 4325 ad
246 4259 319 4325 Nos
329 4261 452 4325 dedere
462 4259 589 4325 litteras
605 4260 727 4344 quibus
743 4262 876 4345 petitur,
891 4269 928 4325 ut
940 4261 1162 4326 Immaculata
1180 4263 1289 4349 Virgo
