1006 1419
250 170 276 183 DE
285 170 346 183 nnus
355 169 447 183 fflmzkms
457 169 481 182 ET
490 168 636 182 Mturzusmus.
697 167 720 186 75

165 219 243 231 caumm
252 214 351 231 adiuvimus.
360 214 399 230 Non
407 213 474 230 defuere
482 216 539 229 tamen
549 213 577 234 qui
589 213 651 229 Nostra
659 213 676 229 in
689 213 721 229 hac

166 246 184 257 re
191 240 262 257 consilia
268 245 345 261 perverse
353 240 506 260 interpretarentur,
512 244 564 260 usque
579 239 623 255 adeo
637 241 661 258 ut,
675 239 721 259 quod

165 268 192 282 est
200 266 264 282 Nostra
272 268 334 287 sponte
339 266 355 281 in
362 270 409 286 spem
417 265 544 286 tranquillitatis
559 264 651 286 salutisque
667 264 721 285 publi-

166 297 197 308 cae
205 294 308 312 susceptum,
314 291 330 308 id
339 296 389 308 suasu
405 291 512 312 impulsuque
525 290 577 307 civilis
585 290 675 311 potestatis
682 295 720 306 curn

167 317 282 334 Hibernorum
289 317 430 338 perniciefactum
438 317 517 333 dixerint
525 326 547 329 —
554 316 614 337 Neque
630 316 683 337 magis
698 321 721 332 ex

166 343 238 359 veritate
244 343 353 359 aestimavere
359 343 404 364 quod
413 348 423 359 a
432 342 485 359 Nobis
497 344 523 359 est
537 342 560 359 de
571 342 620 358 rebus
629 342 721 358 Melitensi-

166 369 199 385 bus
204 369 306 390 quibusdam
315 374 368 390 nuper
375 371 482 385 transactum.
498 368 566 385 Scilicet
578 370 652 384 statuere
667 368 720 384 visum

167 397 195 412 est
201 395 223 412 de
231 395 296 416 aliquot
303 395 402 416 disciplinae
413 394 535 411 ecclesiasticae
547 394 635 416 capitibus,
647 394 721 415 itemque

166 422 190 438 de
197 421 248 438 laude
252 421 339 438 doctrinae
347 422 364 438 in
370 421 415 438 clero
423 423 518 442 opportune
531 420 644 441 provehenda.
654 420 721 441 Quibus

166 448 189 464 de
197 447 251 467 rebus,
259 450 278 464 ut
285 450 311 464 eet
319 453 356 464 mos
363 450 442 468 pervetus
453 447 561 467 maximeque
573 446 663 467 legitimus,
676 451 721 462 sum-

167 479 205 490 mos
213 473 299 494 Principes
310 478 348 490 eum
361 473 406 490 Sede
418 472 518 494 Apostolica
529 477 559 493 per
566 472 659 493 legationes
667 477 722 493 agere,

167 499 279 516 Serenissima
287 499 384 515 Britanniae
398 499 464 520 Regina
478 498 579 514 mittendum
588 498 610 514 ad
618 498 655 514 Nos
667 498 721 519 Lega-

167 528 204 542 tum
216 530 255 541 tum
268 525 324 541 liberis
340 525 424 542 mandatis
439 524 509 541 censuit.
525 524 561 541 Nos
569 524 645 545 profecto
653 524 722 541 iubebat

166 551 241 567 officium
257 556 291 567 non
303 551 361 568 deesse
374 551 458 567 occasioni
466 557 469 567 :
488 551 567 571 idemque
586 550 668 566 suadebat
686 550 722 567 eius

167 577 229 593 caritas
237 577 315 597 civitatis,
322 582 366 598 quae
373 577 395 593 ab
409 577 446 598 ipso
459 576 512 593 Paulo
527 576 612 597 Apostolo
627 576 722 592 christianis

167 602 233 619 imbuta
241 603 346 623 rudimentis,
353 603 370 619 in
378 603 444 623 magnis
452 602 503 619 etiam
516 601 593 623 periculis
606 601 655 618 iidem
664 602 721 618 catho-

166 628 217 644 licam
234 628 339 645 memorabili
354 629 449 645 constantia
464 628 546 644 illibatam
558 627 631 643 retinuit.
650 635 672 638 —
694 627 721 643 De

165 654 292 671 conditionibus
301 655 351 676 igitur
358 655 446 671 convenit:
460 654 477 670 in
484 654 545 675 quibus
553 653 585 669 hoc
593 653 681 673 voluimus,
688 653 721 669 hoe

166 680 216 696 unice
222 681 292 702 egimus,
298 683 317 697 ut
322 683 366 697 esset
374 681 468 697 animorum
476 679 527 696 saluti
536 679 608 698 meliore,
618 684 652 700 qua
659 681 721 699 posset,

166 706 232 723 ratione
239 707 340 723 consultum.
349 706 376 723 De
383 707 428 723 clero
435 709 492 723 autem
500 705 603 727 providimus
611 707 635 724 ut,
640 705 720 721 incolumi

166 737 244 749 sermone
251 733 311 754 pat-rio,
318 733 388 749 scientia
396 733 498 754 optimarum
506 732 567 748 artium
576 731 643 748 uberius
654 731 720 747 erudia-

165 761 199 777 tur,
209 764 244 779 quo
259 759 312 779 possit
328 759 344 775 in
361 759 457 775 muneribus
472 758 582 775 sanctissimis
597 757 661 774 maiore
680 762 719 773 curn

164 784 249 805 dignitate
255 784 345 806 fructuque
350 785 417 801 versari.
423 793 445 796 —-
455 784 513 806 Atque
520 784 562 800 haec
571 784 613 804 ipsa,
627 783 688 800 dilecte
697 783 720 800 fili

164 810 233 830 Noster,
240 810 276 827 iure
283 813 335 832 atque
344 811 407 827 utiliter
419 813 457 827 acta
472 815 523 832 quarn
539 810 621 826 invidiose
636 810 719 826 criminati

164 836 205 855 sint,
212 841 262 857 quam
270 837 342 853 adverso
347 842 414 853 rumore
418 836 527 857 corruperint,
534 841 567 852 non
576 836 648 857 ignoras.
656 836 675 852 In
685 841 719 857 quo

164 861 216 882 plane
223 861 307 883 insignem
315 862 425 883 Apostolicae
437 862 477 879 Sedi
484 862 561 878 iniuriam
568 862 662 882 imponunt,
668 867 719 882 prop-

163 890 211 904 terea
218 888 264 909 quod
273 889 349 905 omnium
364 891 460 909 temporum
473 890 583 905 monumenta
598 890 686 908 testantur,
701 889 718 904 in

163 913 237 934 negotist
245 914 346 931 christianae
354 914 455 935 reipublicae
462 919 541 930 romanos
550 914 620 935 quidem
629 913 718 930 Pontifices

163 939 225 955 altiora
232 940 343 960 consuevisse,
350 945 401 961 quam
409 940 451 956 haee
458 940 533 956 humana
545 940 584 959 sint,
592 939 657 959 intueri,
671 940 719 956 nihil-

162 969 198 986 que
216 965 248 981 nisi
264 965 358 982 salutariter
375 966 454 986 cogitare.
467 965 561 987 Explorm
574 970 628 982 rerum
644 966 719 986 veritate,

162 990 248 1011 quievisse
255 991 370 1008 Melitensium
383 992 449 1008 animos
464 997 498 1008 non
512 992 548 1008 sine
558 996 618 1008 caussa
631 991 719 1008 existima-

163 1021 206 1033 mus.
220 1016 254 1034 Sed
267 1017 330 1038 passim
345 1018 443 1039 praevalent
458 1018 529 1034 nimium
544 1018 573 1034 diu
591 1018 679 1039 opiniones
696 1018 719 1034 de

162 1047 235 1058 romano
240 1043 341 1060 Pontificatu
349 1044 473 1064 praeiudicatae
480 1046 498 1060 et
506 1044 563 1060 snlsaez
571 1044 643 1065 ideoque
651 1045 719 1064 oportet

162 1069 218 1089 magis
225 1074 245 1085 ae
253 1069 312 1090 magis,
320 1074 354 1090 quo
362 1069 414 1086 modo
422 1069 526 1091 consilioque
534 1075 559 1086 res
567 1072 626 1091 gestae
637 1069 653 1085 in
663 1069 717 1086 lucem

161 1094 241 1115 proferre,
246 1099 276 1111 nec
282 1095 336 1111 sinere
341 1097 360 1112 ut
367 1095 434 1112 veritati
440 1096 524 1115 tenebrae,
532 1095 599 1112 nemine
607 1097 717 1116 repugnante,

160 1119 368 1142 offundantun—Quam
380 1121 402 1137 ad
415 1118 450 1138 rem
464 1126 498 1138 non
511 1121 606 1141 minimum,
618 1121 681 1137 dilecte
694 1121 718 1137 fili

160 1146 229 1165 Noster,
236 1151 298 1167 operae
305 1151 374 1168 quoque
378 1149 418 1163 tune
422 1147 527 1167 confidimus,
539 1147 615 1164 maxime
622 1152 662 1164 eum
670 1147 716 1164 haud

161 1172 215 1188 lateat
225 1171 261 1187 Nos
269 1174 351 1193 quantum
359 1175 376 1189 et
383 1173 473 1194 prudentia
480 1173 540 1193 valms,
548 1175 565 1189 et
580 1173 668 1190 hominum
681 1173 718 1194 upi-
