3354 4938
315 355 367 406 DE
385 355 624 408 HIERARCHIA
642 357 685 408 IN
704 327 861 409 IAi'ONIA
879 355 1186 408 CONSTITUENDA.
1227 357 1298 426 229

191 529 408 596 Serenissimi
424 533 641 615 Imperatoris
657 535 753 598 sedes
780 543 840 610 est,
865 532 909 596 ad
935 529 1215 614 metropolitanae
1240 547 1298 593 seu
1354 545 1451 640 ssgm

190 634 486 720 archiepiscopalis
518 639 621 702 sedis.
641 640 842 723 dignitatern
873 637 1054 712 evehimus,
1080 635 1201 699 ditioni
1228 633 1299 698 eius
1364 641 1430 700 1891·

191 738 425 816 attribuentes,
446 741 489 804 ad
506 743 752 823 septentriones
768 750 878 806 totum
895 759 971 804 eum
988 747 1132 802 tractum
1148 738 1206 822 qui
1223 756 1299 819 pro·
1353 751 1421 822 Sedes
1432 765 1477 796 m.

167 911 172 918 ,
191 841 379 907 vinciarum
393 843 535 927 Itchigo,
553 843 864 923 lwatshir0,1waki,
881 841 963 908 fines
975 841 1137 906 australes
1153 841 1300 925 attingit,
1327 810 1479 922 ms&

191 945 239 1009 ad
249 955 398 1012 austrum
408 956 520 1012 *totam
534 948 669 1032 plagam
685 969 773 1033 quae
784 949 931 1029 integras
941 947 1139 1030 provincias,
1153 945 1298 1009 Ietchid·
1320 929 1477 1034 mm

186 1046 261 1132 jen,
286 1050 384 1115 Mino
408 1059 440 1116 et
468 1051 579 1118 Owari
603 1054 839 1136 complectens,
867 1071 972 1134 usque
999 1050 1042 1114 ad
1070 1049 1180 1113 lacum
1206 1047 1299 1112 Biwa

189 1163 298 1235 patet,
313 1155 356 1219 ad
372 1166 483 1220 ortum
506 1164 541 1220 et
565 1177 721 1221 occasum
737 1155 908 1238 regionem
924 1163 1032 1219 totam
1057 1153 1226 1236 utrimque
1242 1171 1299 1234 pa-

191 1265 323 1322 tentem
341 1259 504 1342 usquead
521 1280 597 1325 oras
612 1279 699 1343 quae
716 1261 798 1324 mari
813 1259 991 1324 alluuntur.

243 1358 331 1424 Huic
347 1369 459 1425 autem
477 1363 756 1446 metropolitanae
767 1361 926 1427 ecclesiae
942 1370 1009 1426 tres
1024 1360 1231 1444 episcopales
1241 1379 1298 1423 seu
1327 1347 1479 1453 Mffl‘ff'fefflg

192 1459 424 1546 suffraganeas
436 1466 532 1529 sedes
543 1467 870 1550 adiicimus,quarum
883 1465 1023 1530 alteram
1042 1465 1076 1528 in
1093 1465 1173 1529 urbe
1185 1463 1297 1546 Naga·
1327 1472 1411 1572 ‘mair
1426 1467 1478 1571 Ngj

191 1565 268 1630 saki
294 1568 531 1651 lepor-sensium
555 1579 739 1654 martyrum
763 1570 940 1639 nobilitata
963 1569 1143 1652 trophaeis,
1158 1568 1297 1632 alteram
1322 1537 1479 1638 ffiaa'rako-

190 1669 231 1734 in
257 1670 391 1736 civitate
418 1671 543 1752 Osaka,
569 1675 703 1738 tertiam
730 1673 764 1737 in
782 1673 863 1737 urbe
880 1671 1064 1738 Hakodate
1083 1673 1242 1755 erigimus
1265 1683 1298 1734 et
1325 1643 1387 1748 ἕξ·
1418 1658 1478 1749 Ψζξῖ

190 1775 438 1842 constituimus.
452 1813 496 1828 -
521 1777 784 1862 Nagasakiensis
811 1777 906 1843 sedes
932 1777 1093 1861 Iaponiae
1118 1777 1298 1860 regionem,
1325 1763 1477 1882 ᾗζωῇῗξζ

189 1895 283 1959 quae
297 1879 405 1962 magis
420 1880 453 1944 in
470 1890 619 1945 austrum
637 1881 743 1964 vergit
759 1879 1009 1965 complectetur,
1032 1879 1156 1944 insulas
1172 1879 1299 1944 scilicet
1328 1896 1373 1926 Μ·

190 1979 422 2061 Kiou-chtou,
447 1983 588 2062 Hirado,
612 1984 712 2063 Goto,
734 1984 926 2063 Tsuchima,
950 1983 1114 2062 Lioukou,
1142 2004 1202 2048 nec
1229 2003 1297 2049 non

191 2084 340 2150 minores
356 2085 447 2165 alias,
462 2109 546 2172 quas
561 2088 779 2154 circumfusas
796 2089 935 2172 pelagus
950 2087 1066 2154 ambit.

240 2183 424 2251 Osakensis
450 2188 548 2252 sedes
570 2188 752 2253 centralem
780 2189 939 2271 [aponiae
964 2197 1093 2271 partem
1121 2185 1297 2265 obtinebit,

190 2306 317 2370 nempe
343 2297 451 2355 toturn
479 2310 556 2355 eum
583 2301 738 2370 tractum,
760 2292 818 2376 qui
841 2312 861 2356 a
884 2291 958 2356 lacu
983 2291 1074 2354 Biwa
1090 2299 1124 2354 et
1140 2311 1160 2354 a
1175 2288 1297 2354 linibus

187 2392 438 2475 provinciarum
464 2396 600 2478 Imperii
626 2395 831 2478 letchidyen,
847 2394 944 2459 Mino
958 2405 991 2460 et
1008 2395 1121 2462 Owari
1144 2395 1187 2459 ad
1211 2393 1298 2459 occi·

189 2493 345 2560 dentaies
372 2517 477 2582 usque
500 2519 575 2586 oras
599 2518 743 2583 magnae
766 2499 894 2564 insulae
916 2499 960 2562 de
981 2499 1119 2581 Nippon
1143 2497 1299 2582 pertinet,

188 2597 325 2665 adiecta
356 2602 467 2668 insula
490 2603 668 2682 Chicocou,
695 2604 835 2688 aliisque
863 2603 1104 2682 obiacentibus,
1127 2623 1214 2688 quae
1236 2603 1301 2670 sub

186 2712 363 2790 potestate
373 2707 627 2790 magistratuum
643 2707 900 2790 provinciarum,
914 2727 999 2791 quas
1022 2727 1124 2788 supra
1140 2707 1300 2785 diximus,

188 2807 416 2873 continentur.

238 2909 490 2977 Hakodatensis
504 2913 643 2978 tandem
658 2911 821 2977 dioecesis
838 2913 1009 2996 regionem
1026 2921 1133 2976 totam
1150 2911 1298 2990 habebit,

186 3031 279 3096 quae
301 3015 438 3097 propius
460 3016 704 3100 septentriones
728 3015 826 3095 subit,
842 3015 968 3080 scilicet
981 3016 1024 3080 ad
1037 3015 1173 3080 boream
1186 3025 1297 3079 totum

186 3116 393 3183 territorium
420 3120 498 3183 Iezo
522 3127 556 3184 ct
579 3118 704 3184 insulas
729 3118 887 3183 Kouriles
911 3118 1160 3201 complectetur,
1189 3127 1224 3182 et
1255 3117 1299 3183 ad

186 3229 342 3287 austrum
358 3223 505 3306 integras
520 3223 709 3306 provincias
725 3221 869 3306 Itchigo,
887 3221 1199 3300 lwatshiro,1waki,
1215 3241 1299 3306 quas

187 3345 294 3410 supra
309 3329 581 3393 memoravimus.

238 3427 316 3512 Quo
329 3451 408 3494 vero
423 3430 559 3494 sedibus
568 3449 652 3514 quas
669 3428 903 3495 constituimus
914 3428 957 3494 de
968 3427 1097 3493 idoneis
1110 3429 1300 3510 pastoribus

186 3534 436 3620 provideamus
451 3536 605 3602 Vicarios
621 3534 839 3619 Apostolicos
863 3535 919 3618 qui
943 3533 1086 3599 antehac
1102 3555 1180 3600 suas
1203 3554 1299 3600 curas

186 3636 376 3702 catholicae
403 3637 553 3722 religioni
570 3639 603 3701 in
621 3639 763 3721 Iaponia
790 3637 1025 3721 provehendae
1048 3637 1165 3702 sedulo
1181 3644 1300 3703 coutu-

187 3741 270 3818 lere,
282 3739 335 3804 his
351 3741 485 3806 Nostris
503 3741 622 3805 litteris
638 3740 894 3807 Ordinatiorum
913 3739 1157 3823 Episcoporum
1174 3739 1244 3803 iure
1260 3757 1302 3803 ac

188 3845 330 3910 nomine
341 3845 548 3928 insignimus,
558 3844 685 3910 scilicet
694 3844 901 3909 venerabiles
911 3843 1030 3909 fratres
1043 3843 1179 3908 Petrum
1192 3840 1305 3908 Osouf

188 3948 238 4015 ab
261 3948 385 4014 titulari
412 3948 552 4015 ecclesia
582 3947 756 4014 Arsinoite
783 3948 826 4011 ad
855 3946 1149 4030 metropolitanam
1180 3947 1295 4011 sedem

189 4051 408 4131 Tokiensem,
435 4053 558 4118 lulium
584 4051 765 4119 Alionsum
792 4051 917 4117 Cousin
952 4072 972 4115 a
1003 4049 1129 4115 titulari
1160 4050 1301 4116 ecclesia

192 4157 416 4224 Acmoniensi
436 4157 479 4222 ad
506 4157 620 4222 sedem
648 4155 872 4239 episcopalem
899 4153 1197 4237 Nagasakiensem,
1214 4153 1300 4219 Feli·

190 4281 268 4328 cem
286 4260 405 4326 Midon
422 4281 442 4324 a
458 4261 582 4325 titulari
599 4260 738 4326 ecclesia
755 4257 1052 4342 Caesaropolitana
1068 4260 1110 4323 ad
1127 4259 1300 4344 episcopa-

189 4373 262 4440 lem
295 4367 408 4432 sedern
435 4364 655 4444 Osakensem,
685 4365 821 4429 demum
860 4363 1095 4428 Alexandrum
1128 4363 1260 4429 Berlioz
1282 4385 1304 4430 a
