3364 4928
393 265 436 336 18
477 281 626 334 arrasa.
649 281 805 332 auctet..
829 269 1096 352 “‚snmsurms
1114 275 1373 330 cuarsrmuns
1392 313 1412 340 ,‚

210 464 364 582 adepiqqoff
388 461 551 526 iustitrbm
566 462 636 526 eius
649 461 702 544 (¹),
714 472 815 544 atque
832 461 864 523 in
880 459 944 524 hoc
961 469 1033 524 tota
1050 468 1210 523 versatur.
1241 457 1397 523 Dubitari
1413 475 1493 520 vero

211 585 362 654 atrapens
386 567 479 630 salva
495 565 560 632 lide
572 585 639 630 non
656 575 777 648 potest,
792 565 981 630 istiusmodi
997 565 1145 647 regimen
1170 563 1358 628 animorum
1377 561 1493 626 Eccle-

210 645 360 749 Ζῖξὲξῖζῖώ
386 673 456 736 siae
485 691 558 736 esse
584 671 791 753 assignatum
808 670 875 748 uni,
890 669 970 733 nihil
988 677 1025 733 ut
1040 671 1072 733 in
1090 689 1131 732 eo
1146 668 1189 732 sit
1216 667 1374 750 politicae
1398 673 1493 749 pote-

386 775 466 839 stati
477 774 542 839 loci
557 794 641 839 :non
658 773 747 839 enim
761 774 905 851 Caesari,
915 774 972 837 sed
988 775 1086 836 Petro
1096 772 1207 836 claves
1217 771 1311 854 regni
1323 767 1492 834 caelorum

387 879 497 944 Iasus
524 879 715 944 CHRISTUS
746 877 1004 941 commendavit.
1034 913 1078 925 -
1108 874 1195 941 Cum
1226 873 1290 938 hac
1320 874 1364 937 de
1393 871 1493 936 rebus

385 979 530 1062 politicis
544 981 654 1062 deque
688 979 850 1062 religiosis
881 979 1036 1043 doctrina
1064 978 1232 1062 quaedam
1263 975 1329 1040 alia
1354 974 1494 1040 coniun-

385 1092 510 1165 guntur
526 1102 591 1145 non
609 1082 724 1164 exigui
741 1083 913 1159 momenti,
928 1083 972 1146 de
987 1081 1108 1164 quibus
1123 1080 1219 1144 silere
1250 1079 1313 1142 hoc
1343 1078 1418 1142 loco
1434 1065 1494 1141 ηοξ

385 1185 506 1250 lumus.

249 1317 361 1362 aratrum
428 1291 487 1355 Ab
502 1291 594 1353 omni
610 1290 748 1374 politico
762 1309 884 1372 genere
900 1291 1030 1374 imperii
1046 1291 1151 1355 distat
1180 1289 1361 1355 christiana
1379 1307 1493 1370 respu-

208 1374 360 1482 ζζῗζξῇζξζ
386 1393 473 1458 blica
489 1394 679 1477 plurimum.
695 1393 796 1476 Quod
813 1395 841 1457 si
857 1394 1110 1459 similitudinem
1126 1394 1229 1458 habet
1256 1392 1494 1457 conformatio·

225 1501 360 1601 &⁰⁷¹2ssst
386 1518 530 1581 nemque
542 1499 644 1580 regni,
656 1497 807 1580 prolecto
818 1499 993 1581 originem,
1001 1518 1165 1575 caussam,
1177 1507 1332 1560 naturam
1346 1493 1494 1559 mortali-

299 1588 305 1600 ’
385 1595 575 1686 bus'regnis
590 1605 693 1669 habet
719 1604 820 1687 longe
834 1603 1013 1688 disparem.
1029 1641 1072 1653 -
1089 1605 1145 1668 lus
1169 1613 1221 1668 est
1249 1605 1359 1686 igitur,
1382 1601 1494 1668 vivere

239 1713 357 1784 ecclesia.
387 1708 572 1772 Ecclesiam
589 1708 741 1792 tuerique
756 1729 793 1772 se
808 1710 1042 1772 consentaneis
1058 1717 1198 1772 naturae
1222 1728 1302 1772 suae
1329 1705 1492 1772 institutis

200 1779 363 1902 Wfamseeq
385 1833 424 1878 ac
441 1812 580 1896 legibus.
596 1813 794 1896 Eademque
808 1832 885 1877 cum
902 1834 969 1878 non
987 1814 1090 1878 modo
1105 1813 1247 1877 societas
1275 1812 1422 1896 perlecta
1439 1811 1496 1888 sit,

207 1895 362 1997 ssss‘fflffl
385 1917 443 1981 sed
461 1917 562 1982 etiam
578 1917 726 1981 humana
741 1917 858 2001 quavis
874 1919 1036 1982 societate
1045 1919 1204 2001 superior,
1213 1916 1334 1980 sectari
1345 1915 1491 1999 partium

205 2009 360 2122 mum·
385 2021 496 2086 studia
522 2031 557 2086 et
582 2021 800 2086 mutabilibus
829 2041 937 2086 rerum
954 2020 1100 2086 civilium
1118 2019 1262 2086 flexibus
1278 2020 1400 2084 servire
1423 2019 1494 2083 iure

385 2122 562 2208 officioque
576 2146 639 2189 suo
654 2124 752 2188 valde
768 2135 908 2189 recusat.
935 2124 1110 2206 Similique
1126 2124 1256 2187 ratione
1282 2131 1395 2187 custos
1412 2121 1493 2185 iuris

272 2225 362 2286 'neque
385 2229 446 2308 sui,
461 2230 755 2294 observantissima
770 2229 880 2306 alieni,
899 2250 966 2294 non
983 2229 1026 2294 ad
1043 2249 1078 2293 se
1107 2239 1206 2312 putat
1230 2229 1380 2294 Ecclesia
1396 2228 1498 2312 perti-

202 2289 362 2408 fmmff-
386 2353 473 2409 nere‚
488 2351 575 2415 quae
591 2331 741 2397 maxime
757 2331 863 2397 forma
875 2333 1020 2398 civitatis
1036 2332 1176 2416 placeat,
1190 2333 1313 2415 quibus
1333 2332 1497 2398 institutis

211 2407 363 2530 ’,ΖΞᾜΫ
388 2457 439 2500 res
455 2436 710 2500 christianarum
726 2435 878 2518 gentium
899 2437 1004 2501 civilis
1019 2446 1175 2520 geratur:
1191 2457 1235 2500 ex
1253 2437 1417 2520 variisque
1434 2436 1496 2500 rei-

388 2538 541 2623 publicae
555 2539 732 2621 generibus
749 2539 877 2604 nullum
894 2560 960 2604 non
977 2541 1196 2623 probat‚dum
1214 2541 1330 2623 religio
1348 2557 1497 2604 morum·

388 2661 454 2726 que
468 2641 644 2724 disciplina
659 2641 752 2706 salva
768 2643 819 2708 sit.
834 2679 877 2692 -
893 2644 950 2708 Ad
966 2643 1031 2707 hoc
1046 2643 1240 2726 exemplum
1271 2643 1496 2726 cogitationes

221 2770 365 2841 ¹stangan
390 2747 606 2828 actionesque
620 2745 719 2828 dirigi
734 2747 941 2829 singulorum
967 2748 1222 2812 christianorum
1248 2757 1389 2832 oportet.
1416 2745 1496 2811 Non

214 2831 366 2939 22⁸3?ssss
391 2850 530 2914 dubium
557 2858 617 2925 est,
634 2848 714 2931 quin
746 2851 913 2933 quaedam
929 2851 973 2915 sit
989 2851 1022 2914 in
1038 2871 1162 2934 genere
1190 2853 1331 2936 politico
1355 2852 1499 2916 honesta

211 2948 301 3067 ff?
322 2945 370 3052 ἕξ
392 2953 661 3030 contentio,cum
678 2952 804 3018 scilicet
819 2952 978 3018 incolumi
1002 2955 1142 3019 veritate
1173 2955 1368 3040 iustitiaque
1391 2965 1498 3020 certa·

215 3067 314 3113 clerium
339 3079 369 3110 ne
393 3063 455 3130 tur,
467 3065 504 3118 ut
519 3054 694 3138 opiniones
713 3076 748 3119 re
771 3075 900 3141 usuque
915 3056 1058 3134 valeant,
1073 3078 1160 3141 quae
1184 3059 1227 3123 ad
1244 3077 1423 3125 commune
1437 3059 1499 3124 bo·

217 3127 326 3178 'mm'
394 3177 474 3221 num
500 3179 579 3240 prae
603 3161 721 3224 ceteris
743 3161 971 3226 conducibiles
995 3160 1180 3229 videantur.
1212 3163 1279 3229 Sed
1310 3162 1496 3228 Ecclesiam

393 3262 524 3326 trahere
539 3263 582 3328 ad
599 3275 720 3346 partes,
735 3277 793 3331 aut
808 3267 948 3331 omnino
974 3267 1170 3332 adiutricem
1187 3268 1271 3331 velle
1288 3268 1330 3332 ad
1343 3289 1411 3346 eos,
1425 3269 1499 3352 qui-

394 3364 534 3429 buscum
560 3369 783 3446 contenditur,
807 3370 1023 3453 superandos,
1049 3369 1224 3435 hominum
1258 3384 1308 3437 est
1338 3373 1501 3455 religione

395 3469 656 3552 intemperanter
671 3470 893 3538 abutentium.
909 3473 967 3538 Ex
989 3474 1130 3538 adverso
1146 3485 1262 3540 sancta
1278 3485 1378 3559 atque
1394 3477 1500 3542 invio-

394 3569 463 3634 lata
478 3574 568 3654 apud
584 3593 702 3638 omnes
717 3574 818 3639 debet
837 3595 910 3640 esse
940 3577 1078 3660 religio:
1095 3579 1164 3643 imo
1176 3579 1209 3642 in
1226 3579 1298 3660 ipsa
1321 3573 1499 3663 disciplina

394 3673 576 3754 civitatum,
592 3698 679 3762 quae
694 3699 714 3742 a
729 3679 859 3762 legibus
875 3701 1004 3744 morum
1021 3681 1203 3764 officiisque
1219 3683 1387 3765 religionis
1402 3699 1498 3766 sepa·

258 3845 370 3891 “adde-
395 3779 458 3842 rari
475 3797 541 3843 non
565 3791 686 3863 potest,
696 3780 761 3845 hoc
784 3792 834 3847 est
859 3784 1070 3866 potissimum
1094 3795 1323 3868 perpetuoque
1343 3795 1498 3869 spectan-

213 3903 348 3974 sensam
395 3883 487 3960 dum,
500 3883 582 3966 quid
595 3884 744 3950 maxime
754 3887 915 3967 expediat
926 3887 1107 3952 christiano
1121 3889 1267 3952 nomini:
1280 3890 1370 3972 quod
1386 3889 1496 3972 ipsum

219 3965 374 4068 ξξζᾏῗοξζῖῥ,
396 3987 500 4051 sicubi
517 3988 549 4050 in
582 3987 729 4070 periculo
754 4008 826 4052 esse
856 3991 1119 4056 adversariorum
1135 3997 1236 4075 opera
1252 3994 1412 4070 videatur,
1428 4012 1498 4057 ces-

220 4081 372 4186 ⁵²dfflj¹⁰
396 4091 538 4153 sandum
551 4089 595 4152 ab
610 4093 702 4155 omni
718 4092 866 4170 dissidio
882 4103 915 4157 et
931 4096 1153 4160 concordibus
1169 4097 1289 4160 animis
1305 4107 1339 4160 et
1350 4096 1498 4160 consiliis

219 4201 347 4246 convolent.

429 4343 447 4374 ι,
466 4327 564 4382 Matth„
579 4337 613 4380 vr,
626 4341 661 4387 33.
