3362 4944
332 321 383 373 DE
401 317 699 372 CONGREGATION
703 318 725 368 E
742 319 1161 373 aucto-BEuEmcmNA.
1229 325 1292 377 101

188 496 362 580 pendebat
372 496 477 561 rectio
489 514 556 559 non
567 493 676 558 solum
693 495 735 559 de
747 495 901 560 custodia
913 495 1084 580 legitimae
1095 497 1300 582 disciplinae,
1328 503 1470 598 ssggffi

189 617 308 668 verum
332 602 434 666 etiam
459 601 502 665 de
528 597 645 664 officiis
672 600 715 664 ad
740 599 929 665 animorum
953 602 1095 666 salutern
1112 601 1298 684 explendis.
1359 605 1426 665 1890·

190 705 250 772 Sic
265 705 435 770 enimuero
450 712 613 769 statuerat
630 702 664 769 S.
681 691 872 787 Gregorius,
887 703 1042 769 alumnos
1063 704 1300 771 Benedictinos

189 806 291 872 simul
306 806 478 892 apostolos
494 803 593 870 simul
610 805 795 870 monachos
809 825 917 888 agere,
938 815 976 871 ut
992 807 1194 872 monasteria
1214 815 1301 871 tam·

189 925 292 994 quarn
309 910 407 976 sedes
421 909 585 994 quasdam
602 907 812 992 apostolatus
828 909 1012 990 haberent;
1031 909 1170 975 abbates
1186 921 1299 974 autem

188 1014 460 1097 procurationem
485 1031 622 1078 omnem
648 1031 764 1096 gerere
790 1012 1006 1079 ecclesiarum
1032 1033 1117 1097 quas
1144 1014 1303 1079 monachi

188 1117 421 1202 (nequeenim
436 1116 492 1182 alii
508 1135 568 1200 per
583 1135 641 1180 eas
656 1118 810 1201 regiones
825 1125 921 1182 erant
936 1116 1062 1200 cleriei)
1075 1137 1137 1201 pro
1153 1116 1301 1182 fidelium

189 1222 438 1288 accessionibus
462 1230 573 1287 essent
597 1220 774 1289 condituri.
789 1257 833 1272 -
849 1221 905 1284 Ex
930 1241 972 1286 eo
999 1219 1110 1301 fiebat,
1126 1231 1164 1288 ut
1186 1241 1303 1306 quam·
1338 1269 1480 1332 arnapa

190 1345 293 1410 quarn
320 1325 476 1391 monachi
501 1344 561 1409 per
582 1324 698 1390 omnia
722 1324 901 1390 sacerdotii
928 1323 1044 1390 munia
1059 1324 1304 1390 studiosissime
1328 1334 1452 1379 muscus

189 1438 411 1508 uersarentur,
421 1438 536 1494 tamen
552 1447 663 1493 rerum
679 1429 832 1494 omnium
848 1447 982 1493 summa
996 1436 1032 1493 et
1053 1427 1254 1512 gubernatio
1268 1430 1303 1495 in
1325 1389 1460 1508 mlh?

189 1533 404 1599 monasteriis
434 1552 538 1617 penes
571 1531 713 1598 abbates
743 1529 952 1598 consisteret.
984 1531 1091 1596 Erant
1121 1531 1155 1596 in
1187 1532 1304 1616 insula,
1323 1509 1480 1630 {²222}ssss

188 1645 313 1701 octavo
328 1635 462 1702 saeculo
478 1636 624 1715 ineunte,
640 1634 844 1702 monasteria
859 1653 967 1717 eaque
982 1634 1096 1719 ampla
1109 1643 1189 1700 octo
1202 1659 1210 1700 ε
1225 1635 1304 1700 inde
1326 1626 1480 1736 mm

188 1739 438 1823 quaerebantur
453 1739 626 1824 Episcopi,
640 1739 698 1824 qui
715 1738 853 1823 quidem
869 1738 959 1823 apud
976 1739 1050 1822 ipsa
1066 1739 1305 1805 convenienter
1324 1750 1379 1808 m

187 1843 400 1920 habitabant,
409 1843 468 1908 sed
480 1843 612 1927 integra
627 1843 662 1907 in
678 1841 864 1908 monachos
880 1841 1108 1907 missionarios
1124 1842 1304 1908 abbatibus

191 1947 354 2014 manebat
369 1949 551 2013 auctoritas
563 1947 611 2032 (¹).
623 1947 700 2012 Tali
713 1946 911 2031 disciplinae
927 1947 1059 2013 ratione
1074 1945 1304 2032 Congregatio

189 2051 301 2136 magis
315 2051 475 2136 deinceps
490 2053 666 2136 magisque
682 2051 803 2129 floruit,
825 2050 1012 2116 utsaeculo
1036 2050 1156 2135 quinto
1171 2051 1305 2118 decimo
1391 2060 1478 2130 Quam

187 2154 342 2220 abbatias
356 2155 581 2239 quadraginta
596 2154 691 2232 duas,
698 2154 872 2238 prioratus
885 2154 971 2219 duos
989 2162 1025 2219 et
1039 2154 1158 2236 viginti
1173 2153 1303 2219 obtine·
1322 2119 1424 2233 mat,
1436 2127 1481 2180 μ’

187 2268 262 2324 ret:
286 2266 389 2343 atque
415 2278 483 2324 uno
512 2267 743 2343 perpetuoque
772 2266 889 2324 tenore
919 2257 963 2323 ad
994 2257 1165 2326 excidium
1196 2278 1302 2342 usque

186 2371 327 2446 postero
341 2360 475 2427 saeculo
490 2361 622 2427 illatum
639 2360 873 2445 perseveravit.
888 2398 932 2411 -
948 2361 1103 2426 Iamvero
1126 2380 1214 2446 quae
1241 2361 1302 2426 ibl-
1327 2370 1480 2478 suffitu-

186 2466 268 2531 dem
282 2484 370 2530 nunc
386 2474 437 2531 est
453 2465 633 2545 Sodalitas,
657 2467 776 2531 eadem
791 2465 931 2530 omnino
954 2463 1111 2530 habenda
1134 2474 1303 2549 astatque
1327 2490 1410 2552 „qm
1456 2504 1479 2538 ς.

186 2565 257 2646 illa,
271 2567 398 2652 quippe
412 2587 500 2653 quae
513 2590 535 2635 a
549 2569 718 2634 monacho
739 2577 889 2633 veterum
911 2568 1091 2652 superstite
1117 2567 1161 2634 sit
1176 2567 1302 2634 instau·
1323 2555 1408 2610 ''m“

187 2679 272 2749 tata,
286 2671 473 2756 eodemque
488 2671 653 2751 intendat,
667 2674 712 2738 ad
726 2671 945 2738 christianam
961 2670 1153 2756 Anglorum
1170 2670 1301 2737 institu-

186 2774 337 2840 tionem:
364 2775 529 2860 siquidem
556 2777 648 2860 quod
666 2784 806 2844 -veteres
830 2775 863 2840 in
889 2795 947 2841 eos
971 2773 1088 2856 fecere,
1109 2775 1154 2840 ab
1168 2775 1304 2841 ethnica

186 2878 376 2962 ignominia
405 2888 440 2945 et
469 2880 707 2964 superstitione
744 2879 955 2958 deducendo,
984 2879 1048 2945 hoc
1078 2879 1156 2944 novi
1196 2877 1302 2944 lacere

187 2980 360 3062 insistunt,
375 2982 418 3048 ad
434 2982 637 3050 catholicam
653 2981 755 3050 fidem
772 2983 972 3049 reducendo.
1061 3043 1064 3052 Δ

236 3085 313 3151 Hac
329 3085 363 3152 in
379 3105 498 3152 caussa
513 3087 705 3152 decessores
720 3087 848 3168 Nostri,
863 3087 1010 3153 fautores
1026 3086 1176 3153 eiusdem
1194 3087 1301 3154 Soda·
1337 3112 1477 3160 ramerus

187 3187 295 3254 litatis
309 3187 517 3273 amplissimi,
533 3189 616 3255 nihil
640 3209 722 3255 sane
737 3189 806 3257 ullo
832 3199 985 3275 tempore
1000 3191 1219 3256 decreverunt
1233 3211 1302 3275 quo
1325 3171 1478 3279 mg*

188 3293 224 3357 in
241 3291 349 3376 ipsam
365 3292 469 3361 allum
486 3299 606 3359 natura
625 3294 764 3360 modum
779 3294 1033 3378 gubernationis
1048 3291 1134 3360 velle
1149 3293 1301 3360 videren·
1329 3289 1441 3398 32¹2?

188 3394 436 3461 turinducere:
458 3405 560 3481 atque
576 3397 682 3463 immo
705 3416 751 3462 ex
767 3397 840 3482 ipsa
863 3395 1115 3464 Constitutione
1129 3397 1302 3474 Plantam,
1332 3408 1402 3458 mr.

188 3497 249 3582 qui
263 3507 353 3564 recte
367 3498 569 3584 penitusque
585 3500 804 3585 inquisiverit,
818 3499 1023 3566 contrarium
1046 3500 1209 3585 quiddam
1233 3519 1301 3565 non

187 3604 331 3670 obscure
345 3604 530 3687 apparebit.
539 3641 584 3654 -
596 3603 697 3688 Quod
712 3605 814 3685 enim,
824 3603 1010 3672 interdictis
1022 3625 1082 3688 per
1093 3625 1135 3672 ea
1149 3614 1303 3688 tempora

190 3705 403 3772 monasteriis
419 3706 452 3772 in
469 3706 606 3791 Anglia,
621 3728 731 3793 neque
757 3709 941 3794 praepositi
966 3709 1105 3794 quidem
1121 3707 1302 3774 monacho·

189 3827 265 3874 rum
280 3817 436 3892 poterant
452 3810 497 3875 ibi
513 3829 596 3890 esse,
610 3830 754 3896 quorum
770 3811 946 3897 vigilantia
961 3811 1175 3896 consiliisque
1196 3811 1302 3876 Bene·

188 3909 308 3977 dictini
338 3913 549 3994 missionarii,
580 3924 617 3981 ut
646 3915 833 4000 oportebat,
867 3924 1069 4000 regerentur,
1097 3913 1221 3980 idcirco
1258 3912 1303 3977 ab

192 4013 335 4080 Urbano
348 4025 486 4082 cautum
501 4026 562 4098 est,
574 4029 612 4084 at
627 4019 697 4084 bini
713 4018 747 4084 in
764 4039 838 4084 eam
855 4037 969 4084 curam
984 4018 1152 4101 designati
1168 4015 1303 4101 provin·

190 4119 292 4185 ciales
306 4121 547 4190 incumberent.
568 4123 608 4189 Id
624 4133 749 4203 autem,
765 4143 832 4188 non
849 4123 893 4189 ad
915 4123 1175 4208 perpetuitatem
1199 4121 1302 4189 fuisse

190 4227 328 4306 sactum,
351 4230 411 4294 sed
434 4249 494 4313 per
520 4231 757 4314 exceptionem
784 4229 985 4308 dilatoriam,
1007 4228 1126 4295 tandiu
1147 4229 1303 4296 videlicet

221 4373 242 4408 1.
262 4359 388 4416 Mabillon,
401 4363 498 4412 Annal.
509 4365 631 4419 denedict,
643 4379 682 4415 an.
696 4379 803 4426 73¹·734-
