3352 4926
768 411 1082 496 EPISTOLA

493 591 542 650 ad
563 591 876 664 archiepiscopos
896 593 934 648 et
956 589 1159 662 Episcopos
1183 587 1351 659 aliosque

460 751 631 810 locorum
662 748 874 808 ordinarios
895 747 935 805 in
964 747 1125 820 imperio
1158 744 1385 806 Germanico

490 1066 554 1126 nu
577 1064 735 1123 pnnvn
758 1060 938 1121 nuum
962 1060 1355 1122 consubruurnn.
1438 1022 1466 1137 {3

235 1581 343 1628 Anam„
588 1546 716 1623 litteris,
743 1543 952 1609 referendum
979 1542 1156 1607 censuistis
1182 1544 1224 1608 de
1254 1545 1474 1628 singularium

191 1642 344 1746 mannans
583 1651 820 1748 certaminum,
833 1667 918 1733 quae
928 1647 1037 1712 duella
1046 1649 1215 1726 vocant,in
1227 1650 1354 1732 populo
1363 1663 1476 1718 vestro

190 1760 253 1864 iim
271 1760 342 1864 ἴη-
368 1755 566 1840 frequentia.
582 1754 697 1819 Genus
713 1754 802 1819 istud
818 1753 1011 1830 dimicandi,
1025 1752 1177 1816 velutius
1190 1754 1339 1818 moribus
1348 1758 1474 1822 consti·

191 1819 342 1924 nsiimai‘
368 1868 490 1936 tutum,
506 1875 573 1921 non
591 1858 662 1920 sine
678 1857 793 1921 dolore
808 1854 1048 1938 significabatis
1064 1855 1165 1919 etiam
1187 1855 1274 1919 inter
1288 1855 1475 1922 catholicos

191 1937 343 2042 ss‘fssfpss*
368 1963 503 2028 versari:
521 1963 691 2046 rogabatis
707 1963 840 2046 pariter,
865 1971 903 2026 ut
928 1963 1095 2026 deterrere
1110 1961 1265 2026 homines
1287 1963 1329 2026 ab
1359 1965 1473 2028 istius·

192 2055 270 2100 Μ’
294 2061 341 2101 ⁸¹⁰·
368 2065 461 2130 modi
478 2086 587 2129 errore
603 2085 671 2129 vox
687 2085 821 2150 quoque
839 2065 963 2129 Nostra
977 2073 1162 2129 conaretur.
1175 2098 1217 2108 —
1235 2065 1297 2129 Est
1321 2065 1474 2148 profecto

192 2118 250 2161 Μ’
367 2187 459 2232 error
471 2169 533 2231 iste
543 2169 726 2233 admodum
739 2167 955 2251 perniciosus,
967 2187 1029 2231 nec
1041 2187 1121 2230 sane
1131 2165 1252 2231 finibus
1268 2169 1474 2233 circumscri-

366 2272 456 2337 bitur
471 2273 644 2338 civitatum
665 2287 860 2350 vestrarum,
874 2273 933 2336 sed
961 2271 1109 2336 excurrit
1124 2271 1231 2336 multo
1247 2271 1356 2348 latius,
1371 2274 1417 2336 ita
1434 2281 1473 2338 ut

366 2375 465 2439 huius
490 2397 612 2461 expers
636 2378 838 2460 contagione
868 2375 946 2440 mali
972 2375 1031 2438 vix
1064 2375 1132 2440 ulla
1162 2394 1245 2457 gens
1276 2377 1471 2458 reperiatur.

367 2476 596 2561 Quamobrem
627 2481 858 2544 collaudamus
882 2481 1031 2544 studium
1059 2491 1216 2557 vestrum,
1251 2487 1286 2542 et
1317 2479 1471 2561 quamvis

366 2584 539 2664 cognitum
565 2595 844 2668 perspectumque
867 2585 910 2647 sit
936 2583 1016 2666 quid
1039 2583 1102 2645 hac
1126 2583 1160 2645 in
1191 2601 1226 2646 re
1256 2582 1471 2666 philosophia

366 2683 557 2765 christiana,
569 2688 684 2771 utique
699 2687 929 2752 consentiente
944 2686 1074 2750 ratione
1090 2685 1241 2762 naturali,
1255 2687 1471 2768 praescribat,

366 2798 489 2868 tamen,
519 2811 595 2855 cum
626 2813 729 2876 prava
758 2792 945 2857 duellorum
974 2789 1183 2856 consuetudo
1210 2790 1468 2855 christianorum

366 2905 620 2977 praeceptorum
637 2896 804 2961 oblivione
820 2897 969 2961 maxime
984 2894 1262 2978 alatur,expediet
1274 2904 1377 2977 atque
1388 2895 1469 2958 utile

366 2998 427 3062 erit
438 2999 472 3063 id
489 3001 599 3083 ipsum
611 3021 670 3083 per
687 2999 759 3064 Nos
775 3001 891 3084 paucis
906 2999 1063 3064 revocari.

408 3101 544 3168 Scilicet
560 3115 700 3188 utraque
711 3105 825 3170 divina
835 3105 901 3182 lex,
911 3116 982 3169 tum
999 3123 1039 3167 ea
1054 3121 1140 3186 quae
1156 3102 1316 3166 naturalis
1329 3103 1470 3166 rationis

187 3175 339 3289 usmis
363 3203 498 3284 lumine,
513 3216 585 3272 tum
602 3229 687 3292 quae
699 3209 818 3273 litteris
834 3209 948 3272 divino
962 3205 1078 3271 afflatu
1103 3205 1294 3290 perscriptis
1320 3207 1468 3288 promul-

188 3295 314 3340 ''mmffl
364 3313 445 3386 gata
459 3317 519 3385 est,
537 3309 686 3373 districte
702 3318 818 3373 vetant
845 3329 886 3372 ne
912 3308 987 3391 quis
998 3316 1097 3371 extra
1121 3325 1274 3370 caussam
1296 3307 1469 3389 publicam

186 3358 329 3466 popm
363 3402 536 3468 hominem
545 3407 714 3472 interimat
724 3417 783 3473 aut
797 3407 957 3485 vulneret,
976 3407 1038 3470 nisi
1055 3405 1172 3469 salutis
1188 3425 1268 3469 suae
1283 3405 1471 3470 defenden-

180 3471 338 3577 {ffi‘m'
363 3502 427 3566 dae
436 3507 765 3582 caussa,necessitate
776 3515 920 3570 coactus.
934 3507 983 3570 At
995 3507 1052 3589 qui
1062 3507 1105 3569 ad
1116 3505 1283 3588 privatum
1295 3515 1468 3571 certamen

185 3589 295 3646 “mm‘’
363 3617 557 3683 provocant,
572 3606 624 3669 vel
640 3607 791 3671 oblatum
806 3607 1001 3689 suscipiunt,
1016 3607 1080 3669 hoc
1096 3615 1210 3687 agunt,
1231 3603 1296 3668 huc
1312 3606 1468 3670 animum

362 3699 515 3784 viresque
531 3703 718 3786 intendunt,
734 3706 825 3769 nulla
840 3706 1039 3770 necessitate
1054 3705 1215 3781 adstricti,
1229 3715 1268 3769 ut
1282 3705 1386 3769 vitam
1404 3707 1469 3768 eri·

361 3800 456 3882 piant
471 3812 531 3867 aut
547 3805 664 3870 saltem
681 3806 801 3870 vulnus
817 3806 961 3870 inserant
977 3805 1175 3869 adversario.
1197 3804 1352 3888 Utraque
1365 3826 1468 3887 porro

360 3899 474 3966 divina
490 3904 547 3966 lex
563 3905 732 3971 interdicit
747 3925 789 3969 ne
805 3906 879 3989 quis
906 3914 1030 3969 temere
1055 3904 1159 3968 vitam
1184 3905 1337 3986 proiiciat
1360 3924 1469 3984 suam,

360 4002 453 4083 gravi
467 4012 500 4066 et
517 4005 694 4070 manifesto
709 4005 869 4070 obiiciens
884 4003 1076 4081 discrimini,
1092 4021 1196 4087 quum
1209 4002 1243 4066 id
1258 4003 1350 4067 nulla
1365 4003 1468 4070 officii

360 4109 419 4164 aut
434 4100 582 4167 caritatis
600 4108 835 4189 magnanimae
858 4105 942 4169 ratio
957 4104 1097 4167 suadeat
1110 4123 1118 4180 ;
1133 4102 1216 4166 baec
1235 4112 1349 4168 autern
1365 4125 1469 4170 caeca

360 4201 540 4279 temeritas,
560 4201 650 4267 vitae
665 4204 902 4287 contemptrix,
917 4203 1017 4286 plane
1032 4202 1119 4265 inest
1144 4201 1179 4266 in
1206 4212 1325 4267 natura
1352 4204 1471 4270 duelli.

359 4333 403 4345 —
419 4297 532 4380 Quare
547 4302 724 4368 obscurum
741 4303 865 4368 nemini
881 4313 940 4367 aut
954 4301 1094 4366 dubium
1117 4321 1189 4366 esse
1206 4311 1327 4386 potest,
1343 4305 1377 4368 in
1397 4325 1470 4386 eos,

251 1381 281 1415 ,2
565 1335 842 1404 ASTORALIS
858 1335 956 1402 officii
968 1336 1173 1400 conscientia
1188 1345 1222 1400 et
1243 1339 1475 1416 proximorum

199 1425 334 1531 ’Ἢν
367 1338 556 1717 {³}
587 1444 728 1507 caritate
744 1441 898 1524 permoti,
912 1441 1000 1506 datis
1024 1441 1068 1504 ad
1100 1439 1172 1503 Nos
1192 1442 1363 1524 superiore
1384 1463 1476 1510 anno
