3364 4928
405 293 452 344 20
503 291 651 343 LITTER.
673 291 830 343 ENCYCL.
853 281 874 308 ⁴⁴
894 289 1120 344 SAPIENTIAE
1139 287 1399 340 CHRISTIANAE
1420 322 1438 346 ,‚

21 533 34 558 ἢ
71 547 75 556 .
122 455 135 474 '‘
222 469 374 516 litemus
401 465 490 530 bono
505 468 686 532 concordes
713 466 883 532 elaborare
899 466 1025 532 volunt.
1041 465 1161 528 -His
1182 464 1370 548 praeceptis
1386 481 1506 528 norma

223 527 270 574 Is'cn'
298 533 375 589 agunt
428 561 432 572 .

20 561 64 674 {52³3
93 575 129 654 fs.
221 591 315 648 oportet.
400 571 599 648 continetur,
613 591 715 655 quam
727 571 761 634 in
778 569 911 654 publica
921 569 1053 636 actione
1069 569 1158 633 vitae
1170 567 1373 633 catholicum
1389 587 1506 652 quem·

399 694 464 758 que
477 693 611 740 necesse
637 683 688 740 est
704 676 808 758 sequi.
821 674 998 752 Nimirum,
1014 673 1216 756 ubicumque
1231 673 1264 737 in
1282 673 1426 755 negotiis
1442 692 1507 755 pu·

398 779 493 843 blicis
508 779 630 844 versari
655 799 714 863 per
741 778 927 844 Ecclesiam
949 779 1035 856 licet,
1060 776 1242 842 favendum
1258 777 1336 842 viris
1352 785 1403 840 est
1427 795 1505 858 spe·

398 891 510 946 etatae
519 881 704 965 probitatis,
716 883 909 966 eisdemque
918 883 962 946 de
972 881 1154 946 christiano
1165 880 1301 946 nomine
1314 881 1480 945 merituris
1495 903 1503 945 ι

398 1003 506 1068 neque
520 1003 638 1050 caussa
654 1005 726 1050 esse
742 984 810 1074 ulla
826 995 936 1068 potest
952 1005 1010 1050 cur
1026 985 1114 1051 male
1125 1003 1205 1068 erga
1221 985 1415 1067 religionem
1432 985 1507 1048 ani·

399 1094 508 1152 matos
524 1087 623 1152 liceat
638 1099 852 1176 anteponere.

243 1251 373 1298 ememus
442 1190 498 1254 Ex
512 1211 582 1275 quo
593 1202 734 1276 apparet
742 1212 843 1276 quam
860 1193 903 1257 sit
920 1212 1081 1275 magnum
1097 1191 1243 1258 officium
1260 1192 1344 1257 tueri
1360 1211 1503 1256 consen·

220 1309 360 1356 animm„
397 1313 471 1359 sum
487 1295 685 1374 animorum,
701 1297 895 1378 praesertim
910 1316 988 1361 curn
1004 1316 1063 1380 per
1074 1297 1138 1360 hoc
1161 1306 1295 1380 tempus
1311 1305 1407 1361 tanta
1422 1316 1506 1361 con·

220 1370 372 1500 α”ἕάᾇῖξῗᾷ
395 1397 544 1464 siliorum
560 1399 746 1464 calliditate
760 1401 978 1465 christianum
1005 1409 1220 1484 oppugnetur
1242 1419 1374 1465 nomen,
1392 1398 1503 1483 Quot.

113 1571 115 1584 ,
218 1487 274 1594 ffss,
301 1502 373 1594 {0¹:2⁸3
396 1514 480 1588 quot
494 1503 672 1587 diligenter
696 1504 884 1569 studuerint
901 1503 1071 1569 Ecclesiae
1086 1504 1332 1580 adhaerescere,
1344 1522 1431 1587 quae
1448 1516 1501 1570 est

78 1647 80 1658 .
147 1635 148 1638 ¹
220 1621 262 1676 ’Ψ
291 1607 371 1653 Μ·
395 1607 543 1672 columna
554 1606 838 1689 etfirmamontnm
850 1607 1001 1672 verr'tatis
1015 1607 1068 1691 (¹),
1080 1607 1176 1672 facile
1200 1608 1367 1674 cavebunt
1379 1609 1502 1691 magis-

219 1679 277 1720 sna·
394 1721 464 1776 tros
484 1711 690 1776 mendaces...
704 1711 884 1776 libertatem
906 1711 975 1776 illis
987 1712 1222 1793 promittentes,
1236 1731 1309 1774 cnm
1333 1709 1397 1793 ipsi
1413 1713 1506 1776 servi

394 1816 465 1880 sint
484 1814 698 1898 corruptionis
722 1815 784 1899 (2):
807 1817 888 1900 quin
927 1817 996 1880 imo
1031 1817 1137 1900 ipsius
1168 1815 1339 1882 Ecclesiae
1367 1818 1502 1881 virtutis

395 1920 574 2004 participes
590 1919 700 1999 futuri,
717 1921 854 1984 insidias
869 1920 1036 2004 sapientia
1051 1921 1194 1998 vincent,
1209 1921 1278 1984 vim
1294 1920 1501 1986 fortitudine.

393 2061 437 2073 --
452 2025 531 2089 Non
546 2034 598 2090 est
609 2024 708 2089 huius
734 2023 798 2088 loci
814 2025 997 2108 exquirere,
1013 2045 1093 2088 num
1109 2025 1201 2110 quid,
1216 2034 1250 2088 et
1273 2034 1436 2107 quantum
1453 2027 1497 2090 ad

255 2128 368 2234 iw-
394 2149 498 2194 novas
521 2149 572 2194 res
594 2129 773 2194 contulerit
795 2149 897 2212 opera
914 2129 1053 2212 *segnior
1079 2140 1181 2213 atque
1197 2129 1355 2193 intestina
1370 2129 1497 2195 discor-

211 2259 243 2292 εκ
273 2221 365 2318 neseio
391 2233 448 2298 dia
470 2232 730 2298 catholicorum:
746 2233 805 2297 sed
832 2244 921 2298 certe
941 2242 1037 2297 erant
1052 2231 1206 2297 homines
1223 2251 1367 2316 nequam
1385 2233 1497 2298 minus

214 2307 368 2423 mahir.
391 2321 537 2399 hahituri
561 2335 731 2412 audaciae,
747 2355 807 2400 nec
832 2345 944 2400 tantas
967 2335 1087 2400 edituri
1103 2335 1224 2412 ruinas,
1239 2335 1267 2397 si
1280 2335 1447 2400 robustior
1463 2337 1499 2400 in

213 2425 276 2470 Μ’
299 2425 366 2471 ⁶⁰⁸⁰·
390 2438 607 2520 plurimorum
623 2439 744 2504 animis
756 2439 916 2522 viguisset
932 2437 1024 2517 fides,
1033 2459 1120 2523 quae
1124 2450 1189 2523 per
1197 2439 1370 2504 caritatem
1388 2449 1501 2522 opera·

215 2497 278 2536 runs,
292 2487 365 2530 mlo·

195 2555 271 2626 ’mm
288 2544 364 2589 asda-
390 2541 710 2626 tnr(³),nequetam
728 2544 941 2608 latomorum
963 2542 1220 2608 christianorum
1248 2543 1371 2608 tradita
1399 2544 1497 2608 nobis

213 2615 365 2708 poppam
388 2644 548 2710 divinitus
563 2646 740 2728 disciplina
755 2646 964 2710 concidisset
982 2645 1124 2711 Utinam
1146 2646 1345 2730 praeteritae
1362 2667 1413 2710 res
1429 2647 1495 2710 hoc

389 2749 529 2830 pariant,
545 2749 761 2825 recordando,
781 2749 959 2825 commodi,
982 2749 1103 2812 rectius
1119 2767 1237 2831 sapere
1252 2748 1286 2811 in
1313 2760 1495 2830 posterum.

256 2920 281 2965 R
432 2851 558 2917 Verum
574 2853 616 2918 ad
634 2854 770 2936 negotia
786 2853 919 2934 publica
929 2853 1111 2916 accessuris
1123 2853 1192 2918 duo
1203 2863 1280 2916 sunt
1291 2872 1497 2936 magnopere

147 2957 148 2962 ’
211 2934 312 3050 αοιεςῗε
325 2934 364 3026 ‘raa
387 2958 467 3022 vitia
484 2957 651 3041 fugienda,
663 2957 805 3040 quorum
829 2956 970 3021 alterum
988 2955 1187 3038 prudentiae
1204 2974 1327 3020 nomen
1344 2972 1495 3041 usurpat,

205 3039 365 3157 ffisspffl}
387 3061 528 3126 alterum
550 3061 583 3122 in
612 3060 801 3124 temeritate
825 3068 983 3123 versatur.
1008 3095 1051 3106 -
1067 3057 1216 3141 Quidam
1243 3058 1332 3122 enim
1364 3059 1496 3140 potenti

201 3157 363 3262 {22³3st
386 3166 592 3251 pollentique
625 3167 832 3252 improbitati
860 3183 974 3250 aperte
1013 3167 1165 3232 resistere
1190 3177 1314 3248 negant
1330 3176 1499 3248 oportere,

210 3275 332 3382 ἔφη·
387 3291 428 3335 ne
444 3270 529 3337 sorte
552 3272 691 3338 hostiles
718 3273 848 3338 animos
873 3281 1042 3337 certamen
1065 3281 1252 3354 exasperet.
1272 3271 1332 3334 Isti
1358 3271 1496 3353 quidem

386 3395 447 3456 pro
473 3375 623 3442 Ecclesia
654 3385 753 3452 stent,
779 3396 821 3439 an
852 3387 978 3453 contra,
1005 3377 1192 3441 incertum:
1219 3373 1495 3459 quandoquidem

386 3477 532 3560 profiteri
548 3500 583 3543 se
598 3481 785 3544 doctrinam
799 3478 999 3544 catholicam
1016 3476 1195 3558 affirmant,
1209 3479 1268 3542 secl
1295 3487 1409 3543 tamen
1425 3477 1496 3542 vel-

386 3582 464 3658 lent,
481 3592 587 3647 certas
604 3584 648 3646 ab
662 3583 703 3646 ea
717 3584 944 3666 discrepantes
956 3583 1133 3665 opiniones
1153 3585 1290 3665 impune
1314 3582 1493 3665 propagari

224 3693 360 3763 Prudentia
385 3703 483 3767 posse
512 3683 661 3748 Ecclesia
685 3687 816 3751 sineret.
834 3685 959 3751 Ferunt
980 3685 1135 3750 dolenter
1152 3686 1322 3750 interitum
1340 3683 1417 3747 fidei
1434 3683 1495 3745 de·

209 3753 360 3859 mind*
386 3791 673 3873 mutationemque
701 3809 852 3853 morum:
868 3789 950 3853 nihil
974 3799 1086 3853 tamen
1109 3789 1151 3852 de
1163 3788 1312 3852 remedio
1328 3787 1494 3864 laborant,

386 3895 436 3960 vel
446 3896 548 3959 etiam
566 3895 669 3957 nimia
684 3893 892 3975 indulgentia
913 3902 972 3957 aut
994 3892 1181 3975 perniciosa
1192 3892 1341 3974 quadam
1353 3891 1493 3955 simula-

386 4001 478 4064 tione
505 4017 571 4061 non
597 4018 672 4061 raro
701 3996 826 4060 malum
858 4007 993 4078 augent.
1022 3995 1129 4060 Iidem
1151 3995 1194 4059 de
1220 4015 1280 4061 sua
1305 3995 1338 4058 in
1356 4004 1495 4078 aposto·

386 4102 484 4166 licam
511 4101 633 4167 Sedem
654 4101 825 4164 voluntate
849 4101 972 4163 nemini
1000 4099 1117 4164 volunt
1143 4119 1216 4163 esse
1240 4099 1404 4164 dubium:
1431 4101 1491 4164 sed

418 4360 437 4392 1.
450 4343 542 4398 ITim.,
556 4355 642 4404 111,15.
656 4343 862 4397 -a.llPet.,1t,
876 4359 895 4398 1,
916 4359 949 4404 19.
963 4369 992 4379 -
1003 4357 1023 4402 3.
1039 4345 1128 4400 Galat..
1141 4356 1165 4400 v,
1178 4345 1200 4393 6.
