3354 4938
283 1157 381 1204 Littera

230 1214 358 1278 Ponn'stcis

145 1306 149 1315 κ
230 1273 265 1320 ad
277 1278 382 1337 Impera·

231 1337 312 1391 imm,
351 1339 381 1384 ab

230 1391 376 1496 I'Jffml‘

230 1464 245 1495 a
280 1457 382 1529 Pontifi-

230 1530 277 1562 cem
294 1531 376 1564 messe.

280 2027 380 2087 Tempus

229 2085 330 2132 admit
341 2089 380 2132 in-

229 2146 357 2193 stituendae

229 2205 380 2253 hierarchice.

413 254 484 326 228
587 271 733 324 amasa.
755 270 884 324 arose.
906 259 927 288 “
946 270 1026 324 uou
1047 271 1164 326 uerus
1184 273 1296 327 uoms
1315 307 1335 338 „

409 455 531 519 riatum
566 452 598 517 in
634 451 708 536 ipso
742 451 871 533 imperii
903 453 1052 536 gremio,
1083 453 1264 519 centralem
1304 451 1515 536 appellantes

408 556 666 636 constituimus,
699 554 763 618 hoc
785 564 898 619 autem
922 573 1011 619 anno
1034 555 1232 621 vicariatum
1255 556 1397 622 alterum
1421 554 1517 620 exci-

407 661 552 726 tavimus
568 661 602 724 in
618 681 657 724 ea
680 659 840 742 laponiae
863 657 972 743 plaga,
994 679 1082 743 quae
1104 661 1242 744 propius
1269 659 1516 743 septentriones

409 774 550 848 spectat.

453 867 538 936 Cum
572 885 652 932 vero
677 864 854 950 postremis
876 865 968 930 hisce
990 866 1199 949 temporibus
1235 866 1446 932 humanitate
1478 877 1514 932 et

408 972 576 1057 aequitate
595 970 745 1053 laponici
762 969 898 1052 Imperii
915 989 995 1052 erga
1017 968 1204 1034 catholicae
1230 970 1381 1035 veritatis
1407 971 1515 1054 magi-

407 1087 503 1154 stros,
527 1075 607 1140 satis
634 1092 794 1158 prospero
819 1092 870 1137 res
896 1071 1076 1138 christiana
1101 1094 1198 1139 cursu
1221 1072 1516 1154 frueretur,'haud-

407 1199 576 1264 quaquam
593 1177 926 1260 praetermittendum
942 1175 1111 1254 duximus,
1137 1177 1218 1258 quin
1243 1176 1362 1240 litteris
1379 1176 1516 1240 Nostris

407 1302 563 1366 supremo
587 1280 770 1364 Imperanti
798 1281 884 1362 grati
908 1279 1012 1344 animi
1040 1299 1157 1344 sensus
1179 1280 1363 1356 ederemus,
1386 1279 1517 1363 signifi-

407 1387 539 1451 catione
566 1386 706 1462 adiecta,
735 1393 899 1467 quantum
927 1401 1114 1466 propensae
1140 1384 1290 1448 eiusdem
1308 1385 1342 1447 in
1358 1382 1515 1448 christifi-

407 1491 498 1556 deles
514 1489 679 1555 voluntati
694 1495 728 1553 et
750 1487 959 1553 constantiae
974 1485 1193 1553 confidamus.
1211 1487 1276 1552 His
1292 1487 1411 1552 litteris
1423 1488 1516 1552 datis

407 1599 544 1684 plenum
561 1595 780 1661 humanitatis
796 1602 828 1660 et
856 1593 955 1658 officii
981 1614 1178 1678 responsum
1204 1615 1224 1659 a
1247 1595 1428 1660 Maiestate
1443 1595 1517 1659 eius

408 1702 597 1784 accepimus
614 1720 672 1782 per
687 1698 795 1763 virum
819 1697 1101 1781 spectatissimum
1120 1697 1296 1782 legationis
1320 1699 1457 1763 nomine
1481 1699 1515 1762 in

409 1805 537 1872 Urbem
554 1803 597 1868 ad
614 1803 687 1867 Nos
704 1803 851 1879 missum,
861 1821 937 1865 cum
949 1801 1111 1866 solemnia
1123 1803 1201 1866 anni
1212 1801 1484 1886 quinquagesimi
1496 1823 1517 1865 a

408 1906 606 1973 sacerdotali
623 1905 747 1970 Nostra
762 1905 1013 1969 consecratione
1025 1925 1207 1988 ageremus.

451 2010 551 2074 Nunc
570 2009 683 2091 itaque
708 2008 877 2091 religionis
902 2010 935 2072 in
964 2008 1124 2090 laponico
1152 2009 1300 2092 Imperio
1327 2009 1515 2074 rationibus

408 2114 575 2178 uberiores
602 2113 746 2177 Nostrae
773 2112 1004 2194 providentiae
1028 2132 1123 2177 curas
1149 2112 1287 2177 feliciter
1313 2114 1516 2196 postulanti·

406 2219 476 2294 bus,
493 2217 654 2299 iustisque
670 2215 796 2280 caussis
811 2215 961 2279 animum
990 2214 1151 2281 Nostrum
1168 2217 1211 2281 ad
1227 2217 1391 2299 optimam
1419 2235 1516 2300 spem

406 2325 620 2406 erigentibus,
636 2333 803 2387 maturum
820 2331 953 2404 tempus
971 2323 1088 2387 adesse
1116 2324 1325 2402 arbitramur,
1350 2343 1417 2406 quo
1443 2323 1516 2388 hie·

406 2427 588 2490 rarchicam
622 2428 666 2490 rei
699 2446 812 2490 sacrae
836 2425 1163 2490 administrationem
1198 2427 1241 2490 ad
1275 2427 1515 2491 canonicarum

407 2530 519 2614 legum
536 2531 739 2613 praescripta
755 2531 788 2592 in
816 2530 935 2594 eodem
963 2529 1110 2614 Imperio
1132 2532 1383 2609 constituamus,
1406 2549 1517 2615 eaque

408 2634 642 2698 constituenda
654 2631 845 2710 efficiamus,
869 2642 905 2697 ut
928 2634 1095 2716 praesidia
1119 2635 1232 2698 omnia
1255 2644 1289 2699 et
1311 2632 1474 2698 beneficia
1499 2654 1518 2699 e

408 2736 574 2802 catholica
604 2735 763 2818 religione
798 2737 1041 2818 promanantia,
1064 2737 1199 2803 abunde
1222 2747 1256 2802 et
1279 2743 1470 2821 opportune
1494 2756 1515 2800 a

359 2857 364 2870 '
411 2841 559 2923 laponiis
576 2839 738 2917 fidelibus,
761 2841 809 2904 uti
832 2840 950 2924 cuique
971 2861 1055 2923 opus
1079 2851 1113 2906 et
1136 2842 1285 2906 studium
1311 2841 1417 2918 luerit,
1439 2860 1516 2924 per-

270 3168 340 3227 Quod
347 3183 385 3214 su·

231 3233 317 3286 prem

345 3234 377 3287 po

235 3347 346 3392 ctoritate

235 3406 371 3464 completur.

333 3243 349 3274 a
378 3252 386 3263 ι

235 3288 319 3333 stols'ca
342 3301 386 3333 cu·

409 2944 582 3029 cipiantur.

454 3049 683 3133 Quamobrem
715 3048 848 3131 rogatis,
869 3048 917 3112 uti
942 3067 1001 3130 par
1017 3055 1096 3125 erat,
1119 3047 1198 3114 VV.
1223 3047 1288 3112 FF.
1313 3047 1516 3112 Nostrorum

412 3153 445 3220 S.
468 3152 508 3218 E.
533 3153 573 3218 R.
596 3151 823 3218 Cardinalium
848 3171 867 3214 e
889 3171 983 3214 sacro
1007 3150 1157 3216 Consilio
1174 3149 1251 3214 fidei
1276 3152 1519 3234 propagandae

411 3257 593 3335 sententiis,
611 3255 692 3319 lusis
708 3255 751 3319 ad
776 3255 1042 3336 omnipotentem
1071 3251 1181 3317 Deum
1207 3255 1370 3336 precibus,
1394 3252 1519 3336 implo-

412 3367 549 3439 rataque
582 3377 647 3438 ope
681 3357 849 3438 Deiparae
872 3356 1030 3440 Virginis,
1053 3366 1245 3421 sauctorum
1270 3355 1519 3439 Apostolorum

414 3460 502 3525 Petri
526 3469 560 3524 et
587 3459 680 3523 Pauli
708 3468 740 3524 et
768 3459 935 3524 Francisei
961 3459 1106 3537 Xaverii,
1129 3461 1185 3544 qui
1217 3460 1438 3525 ministerium
1463 3481 1521 3526 ve-

412 3563 519 3630 ritatis
536 3573 569 3628 et
591 3562 708 3627 salutis
731 3563 764 3626 in
790 3563 931 3646 laponia
954 3563 1067 3646 gessit,
1091 3583 1151 3628 uec
1175 3583 1243 3628 non
1266 3573 1299 3628 et
1324 3565 1519 3629 inclitorum

413 3677 607 3751 martyrum,
630 3686 771 3749 quorum
794 3665 874 3731 olim
906 3665 1100 3747 triumphali
1124 3668 1287 3749 sanguine
1317 3667 1519 3751 laponicum

411 3773 520 3838 solum
546 3769 716 3854 perfusum
742 3781 801 3846 est,
828 3779 919 3834 motu
944 3770 1089 3852 proprio,
1111 3778 1202 3835 certa
1225 3771 1364 3835 scientia
1388 3779 1422 3835 et
1447 3791 1523 3836 ma·

411 3886 486 3943 tura
512 3874 753 3941 deliberatione
778 3871 913 3951 Nostra,
934 3875 977 3937 de
1001 3873 1220 3958 Apostolicae
1244 3876 1422 3956 potestatis
1446 3875 1521 3960 ple·

412 3979 572 4057 nitudine,
595 3979 637 4042 ad
655 3977 815 4040 maiorem
840 3976 974 4042 divinae
990 3977 1175 4042 maiestatis
1200 3978 1341 4060 gloriam
1369 3978 1521 4064 fideique

411 4084 596 4151 catholicae
621 4083 874 4161 incrementum,
898 4082 950 4147 his
976 4082 1095 4148 litteris
1124 4082 1257 4149 Nostris
1287 4083 1518 4168 episcopalem

410 4187 630 4254 hierarchiam
658 4187 691 4249 in
719 4185 879 4269 laponico
903 4187 1045 4269 imperio
1069 4189 1258 4253 excitamus
1280 4198 1315 4253 et
1338 4188 1518 4253 constitui·

411 4311 495 4367 mus,
520 4299 623 4373 atque
646 4288 806 4353 illustrem
824 4290 939 4354 urbem
962 4289 1081 4368 Tokio,
1103 4311 1188 4374 quae
1206 4292 1343 4376 Imperii
1358 4300 1461 4376 caput
1477 4301 1515 4357 et
