3364 4928
244 354 296 404 DE
314 354 535 405 PRAEClPUIS
553 351 692 404 CIVIUM
711 347 1030 402 CHRISTIANORUM
1049 347 1220 398 OFFlCllS.
1264 347 1286 414 9

173 525 302 592 civibus
333 526 530 610 respublica,
556 526 646 590 aliud
677 545 697 588 a
729 499 918 588 christianis
945 523 1062 605 religio
1095 520 1287 604 postulare:
1318 533 1462 629 JMJgAR·

176 630 277 713 idque
294 651 361 696 non
371 631 438 694 alia
454 650 535 695 sane
550 630 593 694 de
603 649 730 707 caussa,
745 649 847 711 quam
864 627 955 710 quod
972 636 1117 690 rectores
1129 624 1286 708 reipubli-
1356 631 1420 690 1890-

174 755 234 799 cae
249 755 378 800 sacram
393 734 565 800 Ecclesiae
581 744 785 819 potestatem
799 743 858 797 aut
871 732 952 796 nibil
966 733 1060 814 pensi
1076 731 1211 807 habent,
1227 739 1286 794 aut
1345 793 1465 851 pugnant

172 838 236 902 sibi
261 838 379 904 volunt
405 859 478 902 esse
505 837 701 904 subiectam.
728 838 819 901 Hinc
845 846 878 901 et
903 845 1072 900 certamen
1101 833 1227 909 existit,
1251 842 1286 897 et
1310 851 1462 969 mom

171 942 412 1025 periclitandae
421 943 535 1007 virtuti
547 943 580 1006 in
591 941 775 1006 certamine
788 941 889 1006 locus.
903 941 1012 1024 Urget
1028 940 1117 1004 enim
1134 946 1285 1022 potestas
1310 969 1465 1021 nummi.

172 1045 320 1128 duplex:
355 1046 477 1129 quibus
507 1045 675 1110 contraria
710 1045 901 1110 iubentibus
932 1043 1156 1126 obtemperari
1186 1041 1284 1106 simul
1307 1029 1463 1134 {gram

173 1153 321 1234 utrisque
338 1171 406 1215 non
423 1161 556 1235 potest:
570 1151 678 1216 Nemo
688 1161 792 1234 potest
806 1149 932 1215 duobus
944 1150 1219 1214 doruinisservire
1233 1148 1287 1232 (Ι),
1312 1161 1379 1251 ᾖξ’
1407 1147 1464 1251 θνζξ

171 1255 220 1320 ita
246 1266 284 1318 ut
310 1257 460 1331 omnino,
483 1257 511 1318 si
539 1273 612 1319 mos
643 1255 769 1338 geritur
794 1255 900 1332 alteri,
922 1255 1065 1318 alterum
1093 1253 1286 1337 posthaberi
1311 1269 1423 1324 eramque

172 1379 309 1424 necesse
332 1360 386 1424 sit.
412 1359 498 1424 Uter
524 1376 603 1423 vero
633 1360 677 1423 sit
708 1359 974 1443 anteponendus,
1001 1358 1156 1423 dubitare
1186 1377 1287 1422 nemo
1306 1331 1426 1430 ii'f‘m‘

170 1464 281 1528 debet.
301 1501 339 1512 -
353 1463 525 1528 Videlicet
536 1463 644 1527 scelus
657 1473 708 1528 est
723 1463 767 1527 ab
782 1463 946 1547 obsequio
968 1464 1043 1542 Dei,
1059 1462 1285 1527 satisfaciendi

169 1565 364 1630 bominibus
380 1569 506 1644 caussa,
521 1566 694 1630 discedere
707 1591 714 1631 ε
729 1565 823 1631 nefas
850 1567 937 1632 IESU
954 1565 1116 1632 CHRISTI
1133 1566 1233 1649 leges,
1248 1575 1286 1629 ut
1310 1543 1463 1650 εὲῧζζᾜζ

170 1679 328 1749 pareatur
339 1665 601 1751 magistratibus,
617 1689 840 1752 perrumpere,
856 1679 924 1746 aut,
940 1689 999 1751 per
1015 1669 1161 1752 speciem
1178 1669 1285 1733 civilis
1310 1663 1463 1782 &my

169 1760 390 1836 conservandi
418 1773 508 1848 iuris,
530 1773 601 1836 iura
619 1772 798 1836 Ecclesiae
825 1773 978 1855 migrare.
1004 1771 1143 1836 Obcdire
1167 1781 1288 1855 oportet
1310 1781 1462 1852 quantomi-

170 1873 242 1938 Dco
257 1876 372 1958 magis,
388 1896 488 1958 quam
514 1874 702 1940 hominibus
715 1875 763 1959 (¹).
781 1875 950 1958 Quodque
974 1874 1054 1938 olim
1083 1875 1284 1957 magistrati·
1311 1842 1389 1888 ’Μ’

171 1977 233 2041 bus
261 1997 328 2042 non
356 1979 498 2044 honesta
524 1979 770 2063 imperantibus
787 1981 904 2044 Petrus
931 1978 1099 2071 ceterique
1125 1978 1285 2062 Apostoli

173 2083 376 2164 respondere
391 2093 647 2162 consueverunt,
663 2085 752 2147 idem
776 2103 910 2166 semper
924 2092 975 2146 est
991 2081 1024 2145 in
1042 2103 1161 2146 caussa
1184 2085 1284 2149 simili

171 2185 245 2251 sine
268 2186 492 2251 haesitatione
519 2187 798 2270 respondendum.
816 2187 927 2251 Nemo
948 2186 1028 2250 civis
1052 2206 1134 2269 pace
1153 2186 1285 2253 bellove

172 2289 298 2368 melior,
324 2311 427 2375 quam
455 2291 656 2355 christianus
680 2291 732 2356 sui
764 2310 893 2354 memor
919 2290 1037 2354 officii:
1065 2291 1124 2354 sed
1155 2296 1284 2375 perpeti

169 2394 284 2458 omnia
311 2396 433 2477 potius,
459 2405 493 2459 et
517 2395 625 2477 ipsam
650 2393 750 2459 malle
782 2403 923 2458 mortem
952 2394 1063 2472 debet,
1087 2416 1189 2488 quapr
1217 2399 1282 2462 Dei

172 2497 383 2562 Ecclesiaeve
408 2518 561 2561 caussam
578 2498 738 2562 deserere.
762 2496 1043 2580 —Quapropter
1066 2519 1133 2563 non
1157 2500 1284 2566 habent
1325 2511 1462 2582 Hoecnullp

169 2601 237 2666 vim
266 2610 489 2683 naturamque
517 2600 630 2683 legum
657 2601 762 2684 probe
792 2614 1014 2684 perspectam,
1039 2603 1096 2686 qui
1123 2603 1223 2668 istam
1249 2605 1282 2668 in
1309 2571 1462 2677 mam

167 2703 302 2769 delectu
317 2701 418 2768 officii
434 2704 661 2768 constantiam
689 2705 946 2787 reprehendunt,
965 2706 1059 2769 etad
1081 2707 1281 2772 seditionem

165 2810 262 2874 aiunt
288 2811 462 2892 pertinere.
485 2808 599 2892 Vulgo
619 2811 757 2892 cognita
773 2820 807 2872 et
832 2831 852 2872 a
869 2811 977 2874 Nobis
998 2811 1080 2894 ipsis
1103 2812 1281 2895 aliquoties

165 2913 337 2996 explicata
353 2911 529 2995 loquimur.
543 2913 575 2976 N
578 2931 622 2976 on
639 2920 690 2977 est
706 2912 773 2989 lex,
789 2913 852 2976 nisi
864 2913 967 2976 iussio
979 2924 1090 2978 rectae
1106 2915 1244 2980 rationis
1261 2935 1280 2977 a

166 3024 337 3098 potestate
353 3015 503 3098 legitima
520 3016 553 3078 in
570 3016 696 3080 bonum
713 3036 893 3080 commune
909 3015 1047 3098 perlata.
1063 3017 1131 3083 Sed
1148 3038 1225 3082 vera
1242 3038 1281 3082 ac
1322 3087 1326 3093 ,

165 3119 318 3202 legitima
343 3129 494 3203 potestas
519 3120 612 3186 nulla
637 3129 697 3198 est,
722 3120 784 3183 nisi
810 3141 829 3184 a
861 3119 937 3184 Deo
966 3141 1100 3186 summo
1130 3122 1280 3205 principe
1307 3089 1460 3207 awti?

163 3223 371 3307 dominoque
396 3225 548 3286 omnium
575 3222 813 3307 proficiscatur,
828 3224 885 3306 qui
905 3224 1067 3288 mandare
1093 3223 1221 3289 homini
1245 3226 1278 3288 in
1305 3207 1458 3327 Ζῇἰζζᾚ

164 3325 318 3390 homines
342 3326 518 3409 imperium
540 3327 630 3390 solus
646 3328 718 3410 ipse
740 3335 871 3409 potest:
895 3346 1004 3410 neque
1020 3335 1071 3390 est
1088 3338 1178 3392 recta
1193 3330 1280 3392 ratio
1304 3327 1415 3444 gfff!

164 3431 326 3512 putanda,
346 3451 433 3512 quae
458 3449 534 3494 curn
560 3430 701 3496 veritate
727 3431 904 3495 dissentiat
930 3442 964 3495 et
988 3431 1118 3495 ratione
1142 3433 1278 3498 divina:
1304 3445 1457 3516 congregem

164 3552 273 3616 neque
298 3553 413 3596 verum
439 3537 576 3612 bonum,
606 3536 697 3618 quod
723 3553 857 3598 summo
882 3543 984 3618 atque
1009 3536 1277 3601 incommutabili
1303 3509 1398 3608 mm
1419 3505 1457 3609 ἐξ)

162 3637 255 3700 bono
274 3647 449 3720 repugnet,
468 3638 519 3701 vel
536 3658 557 3702 a
572 3639 712 3702 caritate
730 3639 794 3702 Dei
811 3648 966 3721 torqueat
982 3639 1157 3704 hominum
1174 3650 1277 3724 atque
1302 3636 1395 3728 ἵζω
1420 3623 1455 3669 ⁶⁹

161 3739 310 3804 abducat
322 3740 522 3806 voluntates.
543 3778 587 3791 -·
603 3741 767 3807 Sanctum
780 3743 883 3824 igitur
898 3742 1088 3806 christianis
1104 3751 1155 3806 est
1168 3742 1275 3826 publi-

159 3863 222 3907 cae
232 3846 412 3926 potestatis
435 3864 569 3920 nomen,
585 3846 618 3909 in
643 3865 710 3929 qua
726 3845 861 3909 divinae
878 3845 1063 3910 maiestatis
1079 3847 1225 3928 speciem
1242 3856 1275 3911 et
1301 3841 1455 3946 unffi&

158 3947 342 4030 imaginem
370 3949 553 4030 quamdam
587 3959 658 4012 tum
686 3948 788 4013 etiam
816 3958 1015 4030 agnoscunt,
1041 3968 1117 4013 cum
1149 3949 1276 4032 geritur
1301 3963 1348 4004 tem
1366 3965 1445 4032 uta¹

157 4051 204 4115 ab
219 4052 380 4134 indigno:
396 4053 484 4116 iusta
508 4063 542 4117 et
557 4053 673 4118 debita
689 4053 801 4136 legum
822 4053 1032 4130 verecundia,
1054 4073 1121 4117 non
1138 4063 1275 4136 propter
1301 4018 1454 4132 ssfv‘m.

157 4155 228 4218 vim
250 4165 285 4219 et
310 4156 428 4231 minas,
444 4155 502 4218 sed
526 4151 663 4239 propter
687 4155 926 4220 conscientiam
952 4155 1074 4220 officii:
1098 4178 1161 4220 non
1187 4157 1274 4220 enim
1301 4138 1454 4242 22²¹}ssss

155 4254 252 4320 dedit
266 4256 357 4320 nobis
371 4257 464 4320 Deus
478 4258 632 4340 spiritum
656 4259 787 4322 timoris
811 4259 862 4340 (³).
877 4257 1004 4322 Verum
1023 4260 1049 4321 si
1074 4261 1275 4343 reipublicae
1300 4253 1454 4360 mam

191 4416 212 4450 1.
225 4403 324 4456 March„
337 4414 373 4457 vt,
386 4419 421 4463 24
436 4430 465 4440 -
476 4420 496 4452 2.
511 4407 573 4454 Aet..
586 4415 611 4458 v,
624 4419 663 4464 29.
673 4429 703 4440 —-
713 4422 734 4466 3.
749 4406 773 4452 11
785 4406 857 4456 Tim..
872 4416 892 4459 1,
904 4419 925 4462 7.
1301 4386 1344 4418 Μ’
