1006 1419
170 160 197 173 DE
206 159 310 172 INSTITUTO
319 159 452 172 CONVENTUUM
461 159 562 172 CA'mouc.
573 160 594 173 IN
603 160 673 173 xrAuA.

170 204 235 220 dictum
243 209 247 224 ;
255 204 289 220 imo
295 206 313 220 et
320 206 424 225 argumenta,
432 209 475 224 quae
488 204 620 220 deliberantibus
628 209 678 225 prop:

170 230 197 249 tis,
212 230 264 250 digna
279 230 329 250 plane
344 229 451 250 agnoscimus
466 229 547 250 religione
555 232 615 249 vestra,
628 234 678 251 egreg

171 255 264 272 Ectlmiam
271 255 304 271 fide
312 258 329 271 et
337 255 399 271 devota
410 260 449 276 erga
462 255 498 271 Nos
514 255 605 271 voluntate.
622 255 677 272 Huius

170 281 215 297 enim
231 284 257 297 est
271 281 358 302 inquisitio
373 281 462 300 rationum,
477 286 521 302 quae
536 281 634 302 aptissimae
649 282 678 297 sin<

170 307 250 324 levandas
258 307 372 328 operariorum
381 307 488 323 necessitates
500 307 542 328 (sive
556 308 588 324 hae
603 313 674 329 corpora

170 336 218 350 munt
231 334 266 349 sive
279 333 352 354 animos)
368 333 417 349 iuxta
433 338 500 349 normas
514 334 623 354 praestitutas
635 334 652 350 in
666 334 678 350 li

170 359 237 376 Nostris
247 359 337 380 encyclicis
344 359 366 375 de
381 358 461 379 opificum
469 359 566 376 conditione
574 360 658 380 inscriptis
666 365 670 379 ;

170 385 277 406 quaestiones
292 385 314 401 de
329 384 403 401 consiliis
412 384 489 401 ineundis
497 387 516 401 ut
524 385 600 401 iuvenilis
614 388 661 402 aetas
674 391 678 406 1

170 411 281 431 religioseque
289 410 391 429 instituatur,
399 413 418 426 ut
423 410 471 431 probi
480 410 537 431 piique
545 411 590 427 cives
598 411 615 427 in
627 411 678 427 muni:

171 441 208 453 rum
214 439 231 452 et
237 436 361 457 provinciarum
367 436 441 452 consiliis
447 436 621 457 sedeant‚pnesertim
628 442 667 453 vero
673 438 678 458 (

172 462 243 478 maximi
251 463 333 478 momenti
341 462 375 483 est)
381 465 399 478 ut
407 462 503 478 excitentur
510 463 566 479 studia
574 462 649 479 fidelium
657 468 677 479 cu

171 489 256 510 graviores
264 488 362 510 disciplinas
370 488 477 508 excolendas,
483 491 519 505 tum
527 489 549 505 ad
558 493 587 505 eos
599 489 678 505 iuvandos

170 520 200 536 per
208 515 324 536 ephemerides
332 517 349 531 et
357 514 408 531 libros
416 517 475 531 curant
483 517 501 531 ut
515 520 558 536 quae
573 515 616 531 scitu
632 520 678 531 nece:

170 543 209 557 sunt
217 541 266 557 iuxta
273 546 332 557 sanam
340 541 434 557 doctrinam
443 541 540 557 horninibus
548 542 640 557 tradantur⁴
650 542 678 557 His

169 567 220 588 nique
232 567 296 583 accedit
304 571 385 588 expressa
393 567 410 583 in
418 567 508 588 praedictis
514 567 617 588 argumenfis
628 567 678 584 sollici

168 595 224 609 vestra
232 593 298 609 levandi
307 593 394 614 angustias
399 593 416 609 in
422 593 483 614 quibus
489 598 575 609 versamur
580 599 600 609 ac
606 599 658 610 novus
663 599 678 614 p:

167 619 185 635 di
193 619 325 640 significationes
333 619 427 635 eommunis
435 624 475 639 erga
483 619 520 635 Nos
527 619 648 636 observantiae.

188 645 258 666 Oppido
266 645 308 661 haec
315 645 372 661 omnia
385 645 489 665 religionem,
497 645 547 661 fidem
555 647 573 661 et
581 645 631 661 flliale
645 648 678 661 stu(

165 674 239 687 vestrum
248 671 329 687 maiorem
343 671 359 687 in
370 671 439 687 modum
448 671 502 687 Nobis
510 671 634 691 commendant,
642 674 678 692 grat

165 696 217 713 animi
225 696 279 713 vicem
287 697 319 713 sibi
330 697 424 717 vindicant;
436 702 494 713 verum
510 697 550 713 dum
564 697 624 713 merita
638 702 678 713 orna

165 722 215 739 laude
228 723 315 744 proposita
329 725 389 742 vestra,
402 723 480 739 nolumus
492 723 537 739 hisce
549 723 609 739 finibus
624 723 678 740 oratio

165 748 246 765 Nostram
254 749 341 769 contineri,
345 749 375 765 sed
383 749 438 770 placet
445 749 496 765 altius
504 754 590 770 assurgere
598 752 615 766 et
623 752 677 766 toturn

164 775 261 791 institutum
269 775 389 791 catholicorum
398 778 511 791 conventuum
519 777 536 791 et
542 775 652 791 comitatuum
659 780 678 791 m<

164 800 261 817 laudatione
269 800 363 822 complecti⁴
373 800 411 816 Hoc
418 801 452 821 Ipsi
461 801 494 816 iam
502 801 568 822 pridem
582 801 678 821 probavimt

164 826 256 847 provehere
263 826 381 843 contendimus
391 826 479 842 verborum
487 829 505 843 et
518 827 611 843 litterarum
619 827 678 843 incitat

164 852 194 872 tis;
207 852 284 868 novimus
297 852 341 868 enirn
355 852 435 873 plurimas
441 857 483 873 quas
491 852 542 868 habet
555 853 678 873 opportunitatr

163 878 254 894 commoda
269 878 373 899 amplissima
386 883 430 899 quae
438 881 522 899 praestare
535 881 592 899 potest
600 878 621 894 ad
632 878 678 899 religi

163 904 265 925 praesidium
278 906 296 920 et
308 904 379 920 salutem
395 904 418 920 rei
429 904 511 925 publicae,
518 904 532 920 si
548 904 597 920 nullis
606 904 678 924 intercep

163 930 255 946 obstaculis
267 930 346 951 nulloque
361 930 447 946 turbatum
461 930 538 946 dissensu
545 935 604 946 omnes
612 930 678 946 nancisae

163 957 248 974 studiosos
256 958 281 973 sui
292 957 358 978 sibique
366 957 453 976 secundos,
457 957 486 977 qui
494 957 520 973 vel
529 957 607 977 privatim
616 959 678 977 agente

162 983 180 999 in
187 986 246 1000 coetus
251 983 305 1000 coacti
313 983 391 999 eamdem
397 988 473 999 caussam
480 983 561 999 tuendam
570 988 662 1004 suscepere*

185 1009 275 1025 Neminem
290 1009 366 1030 profecto
373 1009 415 1025 latet
425 1014 455 1025 cur
462 1009 537 1025 seditiosi
551 1009 628 1025 homines
636 1011 652 1025 et
660 1013 678 1024 se

161 1035 253 1052 christiano
262 1035 325 1051 nomini
333 1034 408 1051 infensae
414 1037 448 1051 tam
457 1035 517 1051 acriter
532 1035 548 1051 in
564 1034 613 1051 Italia
622 1034 678 1050 Eccles

161 1063 267 1082 oppugnent;
275 1066 295 1076 ac
302 1065 352 1076 nemo
360 1065 383 1076 ex
391 1060 465 1076 honestis
473 1060 580 1081 cordatisque
585 1060 624 1076 viris
630 1065 663 1076 non
669 1060 678 1076 d

161 1087 221 1103 acerbe
229 1086 282 1102 exitia
289 1089 307 1102 et
313 1086 374 1105 clades,
381 1091 423 1107 quas
431 1086 447 1102 in
457 1086 528 1102 familias
536 1088 553 1102 et
565 1086 650 1102 civitatem
659 1087 678 1102 in*

160 1113 240 1134 pertinax
248 1113 327 1134 impietas
334 1115 351 1129 et
359 1117 438 1134 praeceps
446 1113 463 1129 in
472 1112 536 1134 flagitia
543 1112 601 1129 libido.
610 1112 629 1129 In
636 1113 668 1129 hoc
676 1119 678 1128 π

161 1139 207 1155 flictu
215 1139 312 1160 asperrimo,
317 1139 334 1155 in
341 1144 375 1160 quo
383 1144 403 1155 ea
408 1141 496 1155 vertuntur
503 1144 547 1160 quae
552 1144 658 1160 summopere
666 1139 678 1155 ir

161 1167 206 1184 sunt,
219 1164 340 1181 catholicorum
354 1166 380 1180 est
388 1169 425 1180 eam
434 1164 487 1180 aciem
499 1164 616 1180 incunctanter
623 1164 675 1185 sequi,
