3352 4926
365 283 371 294 ·
435 265 507 359 284
786 287 906 340 runsx
933 289 1181 342 instruens.

1481 440 1500 482 P
1530 469 1536 482 .

466 514 520 567 22.
536 515 746 569 RPISTOLA
760 517 803 568 ad
824 519 1031 570 cardinalem
1048 519 1219 582 Mannlng,
1238 519 1465 582 Archisplsco-
1500 453 1529 493 ¹⁸

389 646 393 654 .
430 615 513 666 pum
528 603 912 656 westmonasteriensem
925 607 965 655 de
978 608 1076 657 rebus
1090 606 1247 657 Hibernis
1265 611 1297 656 et
1310 609 1466 659 Meliten-

430 691 826 754 stoue-tsopt.1890.
1505 705 1541 758 74

539 792 668 848 Pontifex
680 811 732 864 pro
753 793 879 865 acceptis
898 795 1000 849 litteris
1021 795 1127 862 gratias
1148 794 1207 862 agit
1220 805 1266 860 74.
1280 823 1313 834 -—
1333 792 1467 864 Queritur

503 873 626 927 Romani
651 872 797 928 Pontificis
821 883 887 928 acta
907 874 944 926 ab
966 871 1088 928 inimicis
1112 871 1142 926 in
1166 872 1336 928 deteriorem
1355 883 1467 944 partem

502 961 620 1022 accepta
633 967 674 1020 74
689 983 724 992 -
737 952 848 1008 Recolit
860 952 928 1023 quid
941 963 969 1008 et
981 969 1038 1023 quo
1059 951 1155 1006 animo
1168 952 1197 1005 in
1218 954 1302 1007 rebus
1317 952 1468 1008 Hiberniae

502 1046 593 1098 nuper
604 1029 694 1099 egerit
708 1045 787 1098 74-
798 1031 871 1085 ltem
879 1031 977 1086 recolit
989 1029 1102 1100 qualem
1115 1029 1151 1084 de
1164 1031 1248 1084 rebus
1262 1029 1465 1085 Melitensibus

502 1125 567 1162 cum
586 1109 742 1164 Britanniae
763 1109 876 1178 Regina
896 1109 1114 1164 conventionem
1133 1107 1228 1164 inierit
1250 1120 1292 1179 75.
1313 1139 1350 1149 —
1372 1110 1469 1178 Quum

501 1187 650 1257 opiniones
664 1189 743 1243 falsae
755 1189 792 1244 de
814 1190 946 1244 Romano
960 1187 1106 1247 Pontifices
1120 1189 1284 1244 stimulante
1295 1189 1372 1257 odio,
1387 1199 1467 1247 tena-

502 1281 551 1320 ces
572 1267 639 1328 sint,
652 1266 811 1336 prudentia
832 1277 860 1324 et
881 1266 982 1336 gratiae
1004 1265 1165 1321 cardinalis
1178 1266 1303 1335 confidit,
1315 1277 1347 1322 ut
1359 1267 1467 1323 veritas

502 1361 569 1400 mox
581 1357 694 1416 superet
707 1346 867 1402 calumnias
879 1361 894 1412 7
898 1360 921 1416 5.

468 1445 521 1497 23.
555 1447 760 1497 LITTERAE
781 1446 1038 1499 ENCYCLICAE
1062 1447 1105 1498 ad
1124 1447 1305 1514 Episcopus,
1328 1447 1466 1507 clerum,

433 1536 595 1598 populum
620 1534 735 1586 Itallae.
762 1534 812 1585 De
836 1536 920 1585 bollo
945 1536 1097 1586 Ecclesia
1121 1535 1156 1585 ln
1179 1535 1278 1586 ltalia
1300 1535 1403 1586 tusto.
1435 1560 1464 1570 -

434 1621 471 1672 15
482 1623 601 1673 octobr.
617 1622 748 1674 1890..
943 1663 959 1673 .
1025 1661 1042 1673 ..
1236 1661 1254 1672 ..
1451 1661 1467 1672 .

538 1702 585 1756 Ad
609 1703 714 1758 Sedem
738 1661 901 1773 Αροειυ
862 1715 986 1765 evectus,
1001 1702 1131 1757 Pontifex
1154 1702 1233 1757 dolet
1253 1719 1311 1756 non
1295 1663 1468 1773 ¹'proprios

502 1779 622 1850 labores,
636 1781 688 1835 sed
708 1781 818 1836 ruinam
840 1781 905 1835 tidei
930 1781 1020 1836 Italiae
1040 1779 1219 1835 minitantem
1238 1782 1467 1846 77.-——1terum

445 1856 464 1904 t
502 1875 602 1914 vocem
622 1859 733 1929 attollit,
745 1873 776 1916 ut
797 1859 833 1915 de
845 1860 971 1930 periculo
982 1877 1098 1930 gregem
1111 1869 1225 1914 moneat
1239 1873 1330 1926 77,—
1295 1859 1467 1914 -Efactis

459 1929 561 1992 non
583 1940 665 1994 novis
689 1939 740 1994 sed
753 1939 854 1994 ordine
875 1939 1019 2009 congestis
1039 1955 1156 2009 scopum
1176 1938 1301 1994 hostium
1324 1937 1468 1993 Ecclesiae

502 2026 589 2080 eruet,
612 2018 771 2087 praesertim
783 2029 925 2073 sectarum
946 2018 1172 2073 massonicarum
1185 2017 1281 2083 78.-
1303 2016 1467 2086 Principatu

501 2095 577 2151 civili
590 2097 760 2152 Pontificum
773 2098 903 2164 violato,
896 2114 925 2150 ιιι
933 2097 1049 2152 ordines
1062 2095 1209 2164 religiosos
1219 2095 1360 2160 saeviturm
1372 2096 1469 2150 clems

504 2174 618 2230 militari
626 2175 739 2246 cingulo
747 2175 900 2231 adstrictus
912 2175 1130 2246 matrimonium
1138 2174 1364 2231 ecclesiasticum
1373 2174 1468 2244 direp-

504 2263 585 2320 tum;
604 2255 703 2325 religio
724 2273 742 2310 a
763 2256 877 2324 publica
897 2254 955 2313 vita
974 2256 1060 2322 exsui,
1083 2254 1112 2310 in
1124 2254 1234 2326 privata
1252 2254 1402 2308 fiustratnr
1413 2271 1466 2322 per

504 2427 564 2466 rem
578 2411 667 2482 7879
681 2443 716 2452 —-
736 2413 851 2468 Securis
870 2413 908 2467 ad
929 2413 1055 2467 radicem
1077 2412 1165 2467 missa
1175 2427 1217 2482 79.
1229 2441 1265 2452 -
1279 2411 1350 2482 Qua:
1369 2411 1468 2466 omnia

502 2507 559 2544 non
572 2491 638 2546 ideo
654 2493 747 2548 minus
758 2492 859 2547 odiosa
872 2491 938 2562 quia
951 2492 1013 2547 aliis
1026 2491 1055 2546 in
1068 2493 1231 2547 nationibus
1243 2492 1364 2546 saeviunt
1378 2491 1419 2546 80.
1431 2519 1468 2530 -—

503 2569 612 2624 Nullibi
631 2582 690 2625 tam
711 2573 814 2627 acriter
832 2582 966 2642 urgentur
982 2588 1068 2640 qnam
1090 2571 1119 2626 in
1139 2587 1213 2626 nova
1226 2569 1320 2630 italia,
1335 2569 1467 2626 stimulos

502 2659 605 2717 agente
617 2661 696 2705 secta
707 2650 885 2706 tenebricosa
894 2651 974 2705 80.-
982 2651 1084 2705 Testes
1094 2652 1150 2706 sint
1159 2666 1249 2706 novus
1259 2649 1349 2704 codex
1361 2650 1468 2718 legum,

502 2727 546 2781 lex
570 2728 607 2782 de
631 2731 764 2800 operibus
788 2730 851 2800 piis,
877 2731 988 2800 signnm
1013 2739 1153 2800 apostatae
1177 2729 1317 2799 flagitiose
1330 2740 1468 2796 erectum,

502 2808 593 2862 oratio
612 2825 703 2879 nuper
716 2827 734 2864 a
754 2810 884 2881 principe
903 2810 1124 2880 gubernantium
1136 2810 1251 2880 publice
1261 2807 1362 2863 habita
1374 2809 1467 2863 8o·81.

502 2915 536 2925 ·-
549 2887 593 2942 Ex
605 2888 651 2943 his
664 2905 728 2958 qnae
747 2891 807 2959 Jam
828 2899 992 2960 perpetrata
1013 2900 1087 2956 sunt,
1110 2889 1176 2944 licet
1198 2887 1340 2958 conjicere
1357 2899 1467 2958 quanta

500 2967 577 3020 mala
590 2966 684 3021 adhuc
699 2967 790 3022 ltaliae
803 2984 821 3022 a
833 2979 912 3022 secta
924 2967 1091 3021 immineant
1105 2967 1146 3022 81.
1159 2995 1195 3006 -—
1209 2965 1340 3021 Citantur
1356 2977 1423 3020 vota
1437 2965 1466 3019 in

501 3046 671 3100 massonicis
692 3047 880 3101 conventibus
899 3047 1005 3104 emissa
1026 3045 1068 3099 81.
1088 3074 1124 3084 -
1143 3045 1216 3100 Haec
1235 3060 1294 3099 non
1307 3045 1399 3098 celare
1412 3045 1466 3098 sed

501 3135 615 3178 strenue
628 3123 774 3194 deprecati
788 3123 915 3179 Pastoris
927 3134 971 3178 est
983 3125 1026 3178 82.
1040 3152 1073 3162 -
1088 3123 1270 3178 Solemnibus
1283 3122 1376 3176 verbis
1390 3122 1467 3176 Pon-

501 3202 568 3256 tifex
581 3214 680 3258 contra
693 3212 773 3257 tanta
795 3202 902 3257 scelera
921 3211 1095 3272 protestatur
1107 3203 1148 3256 82.
1162 3231 1197 3242 -
1211 3202 1275 3256 Deo
1295 3200 1362 3256 fisus
1374 3201 1466 3255 bono·

502 3297 563 3334 rum
587 3283 677 3335 zelum
702 3281 829 3336 stimulat
854 3281 890 3336 ad
915 3281 1012 3335 omnia
1036 3281 1132 3336 media
1156 3291 1256 3336 contra
1281 3295 1465 3336 communem

501 3358 613 3412 hostem
637 3358 802 3414 adhibenda
826 3359 917 3428 83.-
940 3359 1066 3428 Populus
1091 3359 1127 3414 de
1152 3358 1310 3414 imminenti
1335 3358 1466 3428 periculo

502 3438 600 3492 sedulo
613 3438 775 3507 instruatur,
789 3449 820 3494 ut
840 3456 892 3509 pro
915 3437 971 3493 fide
983 3440 1096 3507 timens,
1108 3439 1218 3494 fortiter
1239 3437 1334 3508 impiis
1347 3435 1466 3492 resistat

501 3517 543 3584 83.
557 3547 592 3556 -
615 3517 740 3572 Prodant
758 3518 907 3572 credentes
929 3518 1062 3572 virtutem
1082 3515 1259 3572 conscientia
1278 3515 1367 3570 debiti
1388 3517 1465 3570 sacri

500 3607 592 3650 ortam
606 3597 648 3662 84
662 3626 696 3636 —
710 3595 875 3651 Pastoribus
888 3596 967 3664 uniti,
987 3608 1136 3666 segregent
1149 3613 1181 3651 se
1202 3611 1317 3666 prorsus
1336 3611 1354 3648 a
1366 3597 1465 3661 sectis,

499 3675 632 3746 operibus
645 3676 727 3729 bonis
738 3677 832 3731 devoti
843 3677 922 3742 84-
931 3675 1178 3746 Ephemeridibus,
1189 3673 1339 3744 omnisque
1347 3674 1466 3742 generis

498 3755 621 3824 scriptis,
634 3755 723 3826 impia
736 3753 841 3825 scripta
854 3755 1014 3810 obtundant
1024 3755 1104 3820 84—
1112 3753 1226 3809 Litteris
1235 3752 1340 3807 nostris
1349 3751 1464 3821 imbuti,

498 3836 591 3890 sciant
603 3833 712 3904 aliquid
733 3851 785 3904 pro
807 3833 923 3889 nomine
946 3833 1049 3888 Christi
1063 3833 1186 3889 tolerare
1199 3833 1242 3900 84.
1252 3862 1287 3872 -
1301 3829 1464 3900 Religionis

497 3913 629 3978 inimicae,
642 3931 687 3968 res
703 3913 795 3968 italiae
805 3915 881 3968 bono
894 3912 992 3966 sociali
1006 3921 1034 3966 et
1047 3913 1162 3982 politico
1175 3927 1258 3981 aeque
1271 3910 1465 3964 adversantur

498 3995 540 4060 85.
553 4022 589 4031 -
612 3991 759 4048 Imminuti
778 4009 881 4062 mores,
902 3989 973 4045 ordo
995 3991 1132 4059 turbatus,
1155 4006 1224 4061 opes
1245 3987 1391 4058 dissipatae
1404 4005 1411 4042 ι
1425 4006 1464 4042 en

497 4080 583 4126 sectae
596 4071 766 4127 massonicae
775 4069 957 4126 ineluctabile
968 4086 1041 4139 opus
1053 4069 1096 4139 85.
1109 4101 1144 4110 -
1158 4071 1266 4132 Status,
1279 4066 1394 4133 familia,
1416 4067 1461 4120 di-

497 4150 582 4217 vitiae,
604 4150 666 4204 sine
688 4150 826 4220 reiigione
844 4149 1001 4204 consistere
1022 4159 1167 4218 nequeunt
1189 4149 1232 4216 85.
1245 4176 1281 4186 -
1303 4146 1462 4199 Bouatnm

498 4225 608 4294 privata
630 4238 690 4282 tum
703 4229 816 4299 publica
836 4246 853 4284 a
874 4225 1011 4294 religione
1023 4226 1139 4281 fluentia
1151 4233 1354 4281 enumerantur
1365 4220 1409 4276 86.
1423 4251 1462 4262 -

500 4305 657 4376 Religionis
675 4308 853 4378 naufragium
872 4305 1022 4376 dupliciter
1043 4305 1134 4361 Italiac
1155 4305 1304 4360 exitiosum
1317 4303 1398 4369 foret,
1411 4303 1461 4358 cui
