3364 4928
237 311 289 362 DE
308 311 528 362 PRAECIPUIS
546 309 1019 394 ClVlUM'CHRIS'l'IANORUM
1038 313 1210 365 OFFlClIS.
1263 313 1282 384 7

174 491 209 555 in
225 511 325 555 verae
338 491 505 574 religionis
517 491 608 555 cultu
621 492 856 575 constantique
868 501 1121 575 praeceptorum
1132 493 1283 558 christia·
1316 502 1457 592 MN't’sffl

174 615 295 659 norum
326 595 479 659 custodia
506 596 656 659 maxime
683 595 900 679 reperiuntur,
932 596 1084 679 quotidie
1113 596 1283 661 obscurari
1350 593 1415 650 ¹⁸9⁰·

173 697 350 762 hominum
362 697 531 762 oblivione
543 708 601 761 aut
613 696 748 762 fastidio
764 699 939 776 cernimus,
954 699 1002 763 ita
1017 697 1085 762 iere
1100 707 1147 778 ut,
1156 709 1284 782 quanto
1310 701 1405 820 ”ff
1414 715 1464 806 ἕξ

174 811 254 866 sunt
268 821 382 866 earum
394 822 503 865 rerum
515 803 718 866 incrementa
730 803 1091 885 maiora,quaecorpus
1103 803 1284 885 attingunt,
1310 821 1464 867 scircurare-

174 915 272 969 tanto
288 925 412 982 earum,
427 926 514 988 quae
538 907 698 982 animum,
715 907 821 969 maior
833 907 987 970 videatur
1005 925 1151 970 occasus.
1170 907 1285 971 Immi-
1310 886 1465 990 mum}

176 1017 281 1072 nutae
311 1009 560 1091 plurimumque
590 1009 785 1074 debilitatae
824 1008 901 1073 fidei
931 1009 1131 1074 christianae
1163 1031 1286 1094 magna
1312 998 1458 1116 'mg‘

176 1111 377 1194 significatio
393 1122 443 1176 est
459 1113 493 1175 in
510 1114 549 1175 iis
570 1113 651 1194 ipsis
668 1113 804 1191 iniuriis,
820 1132 905 1196 quae
921 1113 1088 1177 catholico
1104 1115 1231 1178 nomini
1252 1114 1286 1177 in
1311 1115 1457 1162 sollicitudo.

176 1215 252 1280 luce
267 1226 369 1299 atque
385 1217 418 1280 in
434 1217 540 1280 oculis
556 1215 730 1280 hominum
748 1217 848 1280 nimis
863 1235 964 1298 saepe
980 1216 1167 1282 inferuntur
1181 1243 1189 1283 ε
1204 1238 1287 1301 quas
1320 1285 1325 1295 ⁸
1343 1225 1404 1296 lade
1425 1225 1466 1296 ίῳ

178 1320 315 1401 quidem
331 1319 456 1384 cultrix
472 1319 642 1402 religionis
658 1329 752 1384 aetas
774 1319 867 1383 nullo
890 1329 992 1402 pacto
1007 1320 1148 1387 tulisset
1163 1359 1206 1372 —-
1223 1321 1288 1384 His
1311 1283 1464 1390 libbam

176 1423 222 1485 de
237 1425 364 1487 caussis
381 1423 574 1488 incredibile
589 1424 681 1488 dictu
698 1432 758 1501 est,
774 1434 901 1504 quanta
919 1424 1093 1490 hominum
1109 1426 1289 1491 multitudo
1312 1403 1406 1508 iffi&
1436 1404 1467 1448 ¹⁷·

179 1527 213 1590 in
235 1537 390 1592 aeternae
413 1529 531 1593 salutis
547 1528 738 1592 discrimine
757 1539 927 1593 versetur:
942 1531 1002 1593 sed
1029 1531 1181 1595 civitates
1197 1530 1290 1613 ipsae
1345 1572 1407 1618 lude
1419 1573 1468 1618 di„

178 1641 282 1715 atque
296 1631 436 1714 imperia
448 1633 506 1696 diu
522 1629 704 1696 incolumia
715 1651 788 1694 esse
804 1652 871 1695 non
888 1641 1038 1714 possunt,
1053 1632 1132 1714 quia
1149 1629 1291 1696 labenti·
1316 1631 1470 1744 mm·

178 1736 242 1799 bus
272 1736 434 1801 institutis
468 1737 684 1819 moribusque
710 1735 909 1813 christianis,
939 1736 1090 1799 maxima
1111 1735 1290 1800 societatis
1317 1751 1436 1795 verarum-

179 1840 347 1904 humanae
357 1840 578 1905 fundamenta
589 1860 683 1904 ruere
699 1860 834 1905 necesse
846 1848 906 1906 est.
918 1841 1169 1924 Tranquillitati
1180 1841 1291 1923 publi·
1317 1825 1369 1869 “⁸‘'

179 1963 240 2007 cae
266 1953 368 2027 atque
393 1945 502 2009 ordini
527 1945 655 2009 tuendo
679 1942 751 2007 sola
777 1945 827 2006 vis
858 1943 1077 2027 relinquitur:
1100 1945 1150 2008 vis
1174 1954 1288 2008 autem
1318 1921 1471 2024 d,‡;'''²,„{',{]

179 2049 279 2114 valde
294 2059 345 2114 est
370 2047 511 2126 infirma,
526 2047 694 2130 praesidio
719 2048 888 2131 religionis
916 2048 1067 2113 detracto
1083 2073 1090 2113 :
1104 2052 1291 2133 eademque
1319 2038 1470 2156 ffjlffiqlsu‘

179 2155 332 2220 servituti
348 2153 527 2237 patiendae
543 2172 645 2236 quam
657 2152 870 2217 obedientiae
885 2153 1003 2236 aptior,
1019 2155 1104 2236 gerit
1118 2155 1150 2216 in
1166 2174 1203 2216 se
1217 2153 1292 2236 ipsa
1315 2156 1470 2275 {moxq-

181 2277 379 2341 magnarum
395 2257 684 2340 perturbationum
707 2255 836 2320 inclusa
860 2257 997 2320 semina.
1014 2256 1140 2321 Graves
1164 2277 1293 2321 memo-
1315 2289 1404 2334 μακε
1413 2275 1470 2333 jam

180 2373 255 2427 ratu
280 2383 376 2427 casus
401 2359 570 2426 saeculum
595 2361 692 2425 tulit:
719 2379 779 2423 nec
804 2361 885 2424 satis
911 2359 1015 2442 liquet
1040 2380 1119 2424 num
1137 2380 1205 2424 non
1221 2362 1288 2424 sint
1318 2349 1393 2439 ζζῖζῖζ
1430 2333 1469 2378 ‘³⁰‘

180 2465 438 2550 pertimescendi
453 2485 557 2548 pares.
574 2503 617 2514 -
635 2465 754 2548 ltaque
770 2474 904 2546 tempus
927 2464 1036 2546 ipsum
1054 2475 1169 2529 monet
1186 2484 1289 2528 reme·
1336 2503 1424 2560 Quare.
1443 2507 1471 2546 „,

180 2572 247 2648 dia,
262 2572 351 2635 unde
362 2579 506 2653 oportet,
520 2589 678 2652 quaerere
692 2592 698 2630 :
714 2568 870 2632 videlicet
885 2567 1101 2632 christianam
1124 2570 1290 2633 sentiendi
1320 2563 1471 2680 ζξζζᾘή

180 2675 371 2758 agendique
387 2676 549 2738 rationem
567 2674 600 2737 in
616 2673 685 2737 vita
702 2672 841 2754 privata,
862 2673 895 2734 in
912 2671 1068 2736 omnibus
1092 2673 1293 2755 reipublicae
1320 2685 1377 2726 vata
1394 2681 1469 2750 ¹viu,

180 2777 343 2862 partibus,
358 2779 551 2842 restituere:
566 2777 657 2861 quod
674 2785 726 2842 est
742 2796 846 2839 unum
863 2775 906 2838 ad
923 2775 1080 2857 pellenda
1097 2776 1194 2854 mala,
1204 2797 1290 2860 quae
1319 2744 1472 2868 iiaiq'fiiri

180 2893 349 2968 premunt,
369 2884 412 2947 ad
429 2882 638 2966 prohibenda
662 2881 819 2965 pericula,
834 2901 921 2964 quae
937 2881 1143 2964 impendent,
1158 2883 1290 2964 aptissi-
1319 2859 1470 2962 222⁵&

182 3007 285 3052 mum.
303 2988 343 3052 In
360 2988 394 3051 id
420 3007 490 3066 nos,
509 2987 728 3051 Venerabiles
755 2986 897 3063 Fratres,
914 2985 1106 3050 incumbere
1130 3005 1215 3067 opus
1231 2993 1293 3064 est,
1315 2975 1445 3036 ΜΝ·

181 3090 218 3154 id
235 3091 386 3154 maxima
401 3110 468 3174 qua
489 3111 667 3173 possumus
682 3091 899 3153 contentione
915 3089 1144 3170 industriaque
1160 3089 1293 3152 conari:
1319 3135 1358 3180 Μ,
1367 3135 1471 3181 Meris

181 3196 321 3277 eiusque
349 3195 394 3259 rei
419 3199 545 3272 caussa,
570 3215 775 3278 quamquam
806 3194 880 3258 aliis
908 3192 998 3270 locis,
1029 3201 1066 3257 ut
1096 3211 1169 3254 sese
1198 3192 1293 3256 dedit
1319 3195 1471 3300 Portis‘qjk

181 3301 428 3383 opportunitas,
453 3299 575 3364 similia
601 3299 811 3376 tradidimus,
842 3297 924 3362 utile
950 3308 1064 3361 tamen
1094 3295 1294 3360 arbitramur
1311 3255 1423 3360 fabarici
1440 3271 1471 3301 ’θ’

182 3423 256 3466 esse
266 3403 299 3466 in
317 3403 369 3465 his
386 3403 522 3468 Litteris
539 3403 645 3486 magis
661 3401 834 3467 enucleate
850 3399 961 3465 officia
977 3399 1163 3464 describere
1179 3398 1293 3462 catho·
1319 3376 1447 3483 {ijms‘

182 3507 345 3572 licorum:
368 3527 455 3591 quae
474 3506 593 3585 officia,
613 3508 640 3570 si
666 3515 820 3570 accurate
838 3515 1020 3582 serventur,
1040 3503 1235 3566 mirabiliter
1250 3503 1293 3566 ad

182 3630 295 3674 rerum
316 3610 545 3674 communium
562 3611 705 3674 salutem
720 3610 843 3673 valent.
861 3608 1045 3672 Incidimus
1066 3607 1099 3669 in
1116 3606 1294 3670 vehemen-

182 3727 255 3780 tem
273 3735 414 3798 eamque
429 3735 533 3800 prope
549 3714 779 3798 quotidianam
797 3715 840 3777 de
857 3713 955 3777 rebus
975 3711 1132 3775 maximis
1155 3711 1293 3777 dimica-

183 3819 336 3885 tionem:
356 3819 388 3881 in
404 3839 471 3902 qua
486 3817 718 3882 difficillimum
740 3827 791 3880 est
808 3837 875 3880 non
891 3817 1000 3899 decipi
1017 3815 1207 3898 aliquando,
1225 3836 1292 3881 non

183 3943 304 3998 errare,
320 3942 387 3985 non
404 3923 518 3986 animo
534 3922 657 3986 multos
678 3923 904 3986 succumbere.
926 3921 1087 3985 Nostrum
1105 3930 1163 3990 est,
1185 3919 1296 3983 Vene-

183 4025 308 4115 rabiles
330 4026 471 4104 Fratres,
492 4028 674 4090 admonere
696 4045 874 4109 quemque,
888 4026 1017 4101 docere,
1032 4024 1203 4089 adhortari
1219 4044 1296 4088 con·

182 4131 523 4213 venienter'tempori,
538 4141 574 4194 ut
584 4130 675 4194 vr'crm
688 4131 840 4193 veritatis
856 4149 946 4192 neruo
960 4129 1094 4192 deserat.

232 4235 319 4300 Esse
334 4235 368 4297 in
390 4255 451 4298 usu
472 4235 561 4299 vitae
585 4233 681 4318 plura
705 4253 743 4298 ac
769 4234 896 4298 maiora
922 4232 1161 4296 catholicorum
1178 4229 1297 4308 officia,

184 4361 291 4426 quam
302 4359 416 4404 eorum
430 4340 485 4422 qui
499 4339 566 4404 sint
576 4337 652 4403 fidei
663 4339 848 4402 catholicae
858 4345 916 4400 aut
926 4355 1100 4420 perperam
1113 4343 1296 4418 compotes,
