3354 4938
316 282 366 332 DE
385 282 625 332 HIERARCHIA
643 282 686 332 IN
705 282 851 334 MEXICO
867 279 1106 333 ORDINANDA.
1194 287 1263 356 243

204 457 283 524 Non
300 457 515 522 obstantibus
531 456 656 522 Nostra
673 468 706 522 et
721 457 938 524 cancellariae
968 458 1188 542 Apostolicae
1215 482 1265 525 re·

155 558 241 644 gula
259 573 278 629 (
291 560 334 623 de
351 560 420 623 iure
432 559 585 643 quaesito
600 581 669 625 non
684 561 835 626 tollendo
847 576 865 630 l>
878 581 916 626 ac
928 562 1164 627 Lateranensis
1176 563 1265 629 Con·

157 660 227 727 cilii
243 660 424 726 novissime
444 661 602 726 celebrati
625 662 939 728 dismembrationes
955 671 1132 746 perpetuas
1149 664 1214 729 nisi
1231 667 1263 730 in

158 765 293 830 casibus
304 784 326 828 a
340 764 411 828 iure
426 764 596 849 permissis
613 764 683 828 fieri
704 765 923 849 prohibentis,
943 767 1084 848 aliisque
1099 767 1202 831 ctiam
1231 766 1264 832 in

157 867 389 952 synodalibus,
414 868 682 950 provincialibus,
708 870 928 951 generalibus,
955 871 1265 954 universalibusque

157 972 320 1040 Conciliis
335 972 434 1036 editis
444 973 498 1036 vel
519 973 666 1050 edendis,
681 973 881 1055 specialibus
896 975 948 1037 vel
961 974 1172 1058 generalibus
1188 994 1266 1037 con-

158 1075 392 1140 stitutionibus
407 1083 442 1139 et
456 1075 724 1139 ordinationibus
740 1075 959 1158 Apostolicis,
982 1076 1165 1160 privilegiis
1183 1097 1266 1161 quo·

159 1201 235 1264 que,
261 1179 400 1245 indultis
429 1200 468 1244 ac
493 1180 611 1244 litteris
628 1180 836 1263 Apostolicis
852 1181 1024 1263 quibusvis
1040 1181 1266 1265 superioribus

159 1294 197 1350 et
211 1286 362 1367 personis
378 1285 412 1347 in
434 1304 565 1367 genere,
579 1285 632 1348 vel
649 1286 682 1348 in
699 1285 819 1369 specie,
835 1294 893 1351 aut
909 1285 991 1349 alias
1012 1287 1045 1350 in
1062 1288 1265 1351 contrarium

160 1391 420 1474 praemissorum
452 1388 706 1471 quomodolibet
730 1389 841 1454 forsan
867 1391 1043 1467 concessis,
1062 1392 1267 1474 approbatis,

160 1493 367 1558 confirmatis
383 1501 417 1556 et
432 1492 609 1570 innovatis,
625 1493 746 1577 quibus
762 1494 919 1558 omnibus
934 1502 968 1558 et
983 1494 1266 1578 singulis,etiamsi

159 1596 205 1658 dc
220 1593 285 1656 illis
301 1611 483 1677 eorumque
498 1593 669 1657 tenoribus
692 1594 855 1676 specialis,
870 1593 1033 1677 specifica,
1050 1615 1210 1677 expressa
1233 1607 1266 1663 et

159 1696 345 1774 individua,
356 1716 423 1761 non
445 1707 558 1760 autern
576 1716 634 1778 per
649 1696 815 1760 clausulas
831 1698 1003 1780 generales
1031 1697 1119 1762 idem
1142 1699 1265 1780 impor-

158 1811 273 1866 tantes
289 1800 485 1878 menti0,aut
496 1800 633 1883 quaevis
648 1799 714 1863 alia
730 1800 903 1883 expressio
914 1799 1138 1878 habenda,aut
1154 1802 1267 1886 aliqua

159 1905 229 1969 alia
248 1903 417 1986 exquisita
433 1901 540 1984 forma
556 1903 597 1966 ad
614 1903 679 1966 hoc
695 1903 857 1966 servanda
874 1902 968 1980 soret,
996 1913 1129 1967 tenores
1153 1905 1265 1970 huius·

159 2007 255 2072 modi
271 2025 309 2070 ac
321 2007 348 2068 si
365 2007 407 2069 de
423 2005 524 2068 verbo
536 2005 580 2068 ad
592 2005 730 2069 verbum
749 2005 793 2067 nil
807 2006 962 2086 poenitus
975 2005 1100 2069 omisso
1112 2015 1146 2069 et
1157 2005 1266 2070 forma

156 2114 195 2176 in
211 2111 275 2174 illis
291 2109 414 2173 tradita
426 2108 602 2173 observata
618 2109 732 2172 inserti
749 2108 867 2180 forent,
881 2109 1007 2173 eisdem
1033 2109 1265 2192 praesentibus

155 2235 223 2302 pro
238 2214 336 2299 plene
352 2223 387 2277 et
401 2211 602 2277 sufficienter
618 2214 785 2295 expressis
801 2213 973 2290 habentes,
983 2213 1047 2276 illis
1060 2213 1143 2277 alias
1159 2214 1192 2276 in
1203 2235 1266 2278 suo

157 2321 279 2385 robore
295 2317 528 2401 permansuris,
543 2315 705 2380 latissime
718 2325 751 2379 et
767 2315 958 2398 plenissime
974 2337 1012 2378 ac
1029 2316 1221 2399 specialiter
1232 2327 1265 2378 et

158 2440 320 2506 expresse
336 2420 379 2482 ad
395 2416 551 2483 effectum
568 2419 803 2500 praesentium,
819 2426 853 2481 et
868 2417 1053 2482 validitatis
1064 2419 1216 2482 omnium
1232 2429 1265 2482 et

157 2524 368 2610 singulorum
397 2523 668 2607 praemissorum,
697 2543 758 2606 pro
781 2523 844 2586 hac
868 2523 939 2585 vice
954 2524 1147 2598 dumtaxat,
1164 2531 1267 2598 motu,

157 2629 301 2696 scientia
330 2638 364 2692 et
388 2627 565 2710 potestatis
591 2626 800 2711 plenitudine
816 2627 952 2710 paribus
982 2627 1101 2691 harum
1132 2647 1267 2710 quoque

157 2731 245 2796 serie
260 2730 471 2812 derogamus,
486 2728 670 2809 ceterisque
685 2727 858 2791 contrariis
874 2727 1150 2812 quibuscumque.

204 2833 372 2898 Volumus
384 2841 496 2896 autern
507 2831 599 2913 quod
611 2831 835 2914 praesentium
850 2830 1033 2896 litterarum
1046 2832 1267 2914 transumptis

159 2938 264 3005 etiarn
281 2936 461 3020 impressis,
487 2955 588 2999 manu
601 2945 714 3000 tamen
731 2934 868 2997 alicuius
887 2933 1016 2999 Notarii
1041 2936 1165 3019 publici
1190 2935 1267 3000 sub-

159 3042 294 3126 scriptis
310 3051 344 3106 et
359 3039 469 3123 sigillo
486 3039 624 3103 alicuius
639 3057 801 3122 personae
817 3037 851 3100 in
868 3037 1090 3102 ecclesiastica
1102 3039 1268 3121 dignitate

163 3145 369 3211 constitutae
385 3141 523 3207 munitis
538 3143 656 3205 eadem
673 3159 807 3222 prorsus
822 3137 905 3205 fides
921 3140 1119 3205 adhibeatur
1135 3141 1168 3204 in
1182 3140 1267 3206 iudi-

160 3247 217 3313 cio
232 3257 266 3313 et
282 3257 380 3311 extra
395 3245 487 3324 illud,
502 3263 589 3329 quae
609 3245 735 3309 eisdem
751 3244 981 3327 praesentibus
1004 3243 1218 3308 adhiberetur
1241 3245 1268 3308 si

160 3349 373 3435 originaliter
385 3349 493 3413 forent
509 3347 681 3412 exhibitae
697 3345 748 3410 vel
765 3357 929 3411 ostensae.

209 3453 303 3520 Nulli
330 3474 411 3538 ergo
437 3453 576 3518 omnino
602 3451 776 3516 hominum
794 3451 892 3516 liceat
908 3450 994 3514 hanc
1010 3451 1169 3532 paginam
1198 3451 1268 3515 No·

161 3569 255 3624 strae
270 3556 501 3633 absolutionis,
516 3555 649 3632 decreti,
664 3554 917 3637 suppressionis,
927 3553 1269 3628 extinctionisexem-

166 3656 885 3752 ptionis,liberationis,evectionis,elationis,
894 3657 1079 3732 erectionis
1090 3656 1270 3719 institutio-

166 3758 1271 3848 nis,dismembrationis,adiudicationis,fundationis,distractionis,

163 3871 406 3948 attributionis,
452 3867 709 3944 constitutionis
759 3864 1004 3940 declarationis,
1047 3862 1272 3939 seiunctionis,

162 3975 379 4053 addictionis,
412 3969 637 4046 subiectionis,
674 3967 959 4050 incorporationis,
997 3966 1123 4043 statuti,
1160 3965 1272 4041 edicti,

163 4079 350 4170 praecepti,
365 4076 526 4156 mandati,
540 4072 774 4152 concessionis,
786 4069 1030 4154 impertitionis,
1044 4068 1272 4151 derogationis

164 4197 205 4255 et
218 4183 402 4252 voluntatis
418 4181 606 4264 infringere,
620 4177 673 4242 vel
689 4177 720 4242 ei
735 4195 817 4242 ausu
834 4175 1011 4241 temerario
1026 4173 1190 4238 contraire
1205 4194 1213 4252 ;
1244 4174 1272 4236 si

164 4291 246 4380 quis
261 4299 374 4355 autem
390 4287 455 4352 hoc
470 4292 635 4351 attentare
646 4279 914 4366 praesumpserit,
925 4278 1189 4363 indignationem
1201 4297 1272 4343 om·
