3354 4938
764 571 812 632 ad
833 569 1073 632 cardinalem
1095 569 1271 647 menard,

487 850 499 913 ξ]
616 895 681 956 nl:
704 892 928 956 BASILICA
950 893 1010 953 SS.
1034 892 1224 968 CORDIS,
1250 893 1416 967 DEQUE

315 1399 361 1490 213}
365 1446 396 1492 H
490 1382 961 1456 uuuuRA‘slsslMUM
985 1381 1047 1446 fuit
1069 1382 1228 1448 nuncium
1245 1386 1337 1468 quod
1354 1386 1464 1452 Nobis
1479 1401 1564 1458 tuae

308 1477 386 1564 ‘rapa
483 1449 640 1764 Q
667 1490 798 1554 litterae
821 1484 1005 1552 attulerunt
1030 1486 1085 1550 die
1101 1487 1142 1550 28
1158 1485 1287 1569 Aprilis
1313 1489 1423 1569 datae,
1439 1496 1563 1580 templi

316 1613 427 1662 matur
667 1592 836 1670 nimirum,
862 1590 952 1674 quod
977 1590 1082 1654 totius
1107 1587 1237 1654 Galliae
1265 1589 1380 1658 fideles
1404 1595 1563 1679 publicae

268 1671 388 1788 ζῷ’ζζξζζζ
398 1675 426 1721 ‘³‘
450 1393 489 1768 i
666 1693 872 1780 expiationis
887 1712 1005 1758 caussa
1026 1693 1119 1757 etad
1142 1692 1291 1758 divinam
1309 1714 1410 1778 opem
1427 1703 1561 1782 patriae

272 1789 420 1898 ζῇς-ἐξω
451 1801 699 1887 implorandam
715 1809 794 1864 ante
810 1817 917 1863 annos
929 1813 972 1862 20
983 1805 1146 1862 voverunt
1158 1796 1378 1864 excitandum
1395 1802 1430 1866 in
1444 1815 1564 1870 monte

273 1907 319 1974 58·
334 1909 410 1956 Cvrdt'
451 1908 640 1988 Martyrum
667 1903 802 1970 Christo
828 1901 978 1965 Domino
1005 1899 1073 1966 Cor
1098 1919 1196 1965 suum
1216 1901 1386 1982 revelanti,
1410 1905 1459 1970 ita
1485 1928 1564 1974 esse

273 1975 424 2086 'riam
451 2009 661 2074 molitionem
677 2015 871 2091 provectam
886 2003 1122 2069 communibus
1139 2005 1284 2070 nationis
1301 2004 1452 2073 Gallicae
1468 2031 1563 2076 surn-

270 2090 390 2134 ‘²⁸'¹‘“‘''
449 2109 572 2192 ptibus,
588 2117 625 2174 ut
643 2107 797 2192 publicae
812 2103 964 2187 religioni
980 2113 1095 2186 patere
1111 2103 1179 2168 iam
1200 2105 1307 2187 possit
1319 2127 1328 2185 ;
1341 2126 1384 2171 ac
1398 2109 1460 2174 tibi
1475 2111 1563 2177 deli-

450 2212 603 2276 beratum
629 2230 702 2275 esse
726 2219 764 2274 ut
787 2209 842 2272 die
860 2221 876 2288 5
894 2205 1041 2290 proximi
1069 2206 1167 2284 Iunii,
1182 2225 1270 2289 quae
1296 2208 1412 2274 Divini
1436 2211 1563 2280 Cordis

448 2314 567 2379 honori
593 2332 688 2378 sacra
712 2321 771 2390 est,
795 2309 955 2376 solemnis
978 2309 1096 2392 templi
1123 2309 1273 2374 eiusdem
1299 2311 1489 2379 benedictio
1515 2319 1563 2381 ad
1666 2341 1667 2354 2

446 2418 671 2502 praescriptos
697 2414 858 2480 ecclesiae
875 2415 957 2478 ritus
981 2423 1169 2497 peragatur.
1197 2413 1336 2480 Etcum
1353 2416 1431 2482 olim
1447 2417 1565 2485 felicis

447 2519 687 2611 recordationis
717 2520 871 2586 decessor
895 2519 1020 2582 Noster
1047 2517 1126 2582 Pius
1153 2516 1217 2596 IX,
1243 2537 1374 2602 auspex
1397 2529 1562 2590 votorum
1665 2515 1666 2520 ’

448 2625 668 2708 publicorum,
682 2621 811 2705 templo
826 2620 1018 2686 inchoando
1037 2639 1117 2684 suae
1142 2621 1279 2704 pietatis
1305 2630 1340 2686 et
1355 2624 1457 2689 studii
1472 2625 1563 2692 inci-

447 2735 600 2790 tamenta
614 2722 802 2800 contulerit,
816 2720 1055 2804 postulandum
1072 2741 1091 2784 a
1108 2719 1216 2784 Nobis
1232 2721 1391 2787 censuisti
1407 2734 1445 2788 ut
1459 2725 1562 2792 dedi·

445 2828 612 2892 cntionem
643 2844 730 2909 quae
760 2823 935 2889 confestim
965 2822 1159 2906 peragenda
1189 2833 1250 2901 est,
1281 2825 1398 2890 Nostri
1427 2827 1561 2910 pariter

447 2931 549 2998 studii
565 2927 682 2994 officiis
698 2937 733 2992 et
746 2929 849 2992 sacris
864 2927 1042 3010 potestatis
1065 2926 1210 2991 Nostrae
1232 2927 1426 2993 muneribus
1441 2949 1562 3012 prose·

267 3047 420 3153 refulr‘ff'
445 3052 649 3120 quamun-
660 3031 856 3096 Gaudemus
867 3030 1092 3107 vehementer,
1108 3027 1241 3095 Dilecte
1257 3030 1322 3094 Fili
1340 3029 1474 3111 Noster,
1488 3033 1562 3100 hoc

387 3123 420 3154 ⁸0·
447 3142 455 3156 .
1311 3121 1313 3126 ⁴

268 3179 322 3211 nem
354 3168 420 3214 rant,-
446 3140 576 3222 insigne
592 3136 695 3203 votivi
710 3135 828 3219 templi
845 3143 1100 3198 monumentum
1115 3135 1207 3222 apud
1223 3155 1282 3199 vos
1299 3134 1332 3198 in
1345 3135 1467 3201 celebri
1477 3137 1562 3204 ioco
1661 3177 1662 3194 r

263 3225 355 3339 ‘W‘
394 3241 420 3272 ‘²'
446 3261 636 3326 exsurgere,
645 3241 735 3324 quod
748 3239 881 3323 publice
893 3237 1041 3302 ostendit
1057 3235 1158 3302 fidem
1175 3247 1209 3303 et
1224 3239 1386 3321 pietatem
1404 3239 1564 3306 Gallicae

446 3345 591 3410 nationis
606 3345 701 3409 cuius
716 3343 749 3407 in
767 3343 892 3407 avitam
907 3341 1104 3424 religionem
1122 3342 1249 3406 amoris
1264 3341 1407 3407 illustria
1421 3361 1565 3428 semper
1660 3331 1661 3334 ¹

445 3448 648 3512 documenta
672 3445 878 3524 extiterunt;
907 3445 1094 3527 gaudemus
1127 3444 1161 3508 in
1191 3463 1234 3508 eo
1263 3444 1401 3529 populo,
1428 3447 1565 3530 inquo

445 3550 563 3615 beatae
596 3550 684 3614 illius
714 3547 843 3613 caelitis
873 3548 978 3612 virtus
1015 3546 1140 3612 effulsit
1177 3566 1265 3631 quae
1294 3549 1401 3614 divini
1433 3548 1565 3617 Cordis

445 3653 582 3718 alumna
605 3661 638 3718 et
654 3650 779 3734 gloriae
794 3651 866 3715 eius
887 3649 1084 3715 administra
1109 3650 1181 3730 fuit,
1204 3651 1450 3734 pientissimam
1466 3651 1565 3719 hanc
1658 3655 1659 3682 i

444 3758 640 3841 religionem
666 3757 871 3820 incrementa
899 3774 1019 3838 capere
1046 3763 1080 3819 et
1106 3755 1221 3839 magni
1243 3756 1355 3839 operis
1378 3755 1566 3824 molitione
1657 3801 1658 3812 ³

267 3849 418 3953 ‘offlam
445 3861 586 3947 posteris
607 3857 834 3924 commendari
847 3879 856 3938 ;
870 3857 1057 3940 gaudemus
1073 3859 1174 3923 etiam
1198 3860 1352 3943 impense
1367 3859 1411 3924 de
1428 3859 1561 3928 saluta-

267 3967 346 4071 2⁶5⁰?ss
356 3967 419 4072 εἷς
443 3966 534 4030 ribus
548 3963 647 4028 huius
662 3961 771 4044 operis
787 3959 957 4038 fructibus,
966 3980 1043 4026 cum
1059 3971 1150 4026 certa
1167 3959 1289 4027 fiducia
1309 3962 1457 4026 nitamur
1472 3961 1563 4046 fore,

260 4085 387 4142 ficulnum
442 4075 481 4132 ut
496 4066 648 4133 Christus
664 4065 833 4129 Dominus
848 4063 932 4128 tales
948 4062 1068 4129 Cordis
1091 4065 1142 4129 sui
1159 4065 1303 4130 cultores
1319 4065 1353 4129 in
1370 4064 1421 4129 sui
1447 4065 1561 4134 divini

265 4145 341 4260 ἔξω,
363 4149 418 4248 “222¹
444 4170 602 4234 Numinis
632 4167 733 4233 fidem
764 4166 972 4249 tutelamque
998 4177 1196 4251 perpetuam
1224 4168 1371 4251 recipiat.
1396 4205 1439 4218 -
1464 4169 1563 4238 Cum

267 4261 302 4305 ad
322 4261 417 4320 ntegra
447 4291 525 4336 vero
540 4280 611 4336 tam
637 4268 839 4354 praeclaram
865 4268 898 4333 in
928 4267 1057 4334 Gallica
1081 4271 1218 4336 natione
1233 4270 1443 4338 voluntatem
1462 4272 1496 4337 in
1517 4273 1564 4339 iis
