3364 4928
419 587 450 711 §fi
487 627 536 686 ad
563 627 780 703 Phillppum
806 631 1138 706 archiepiscopum
1166 632 1440 695 coloniensem.

410 752 1508 919 zz—sst

420 949 447 1062 s}
636 967 1274 1030 .nr1ss1ou1ausnuarcnu1s.

610 1237 679 1301 EM
697 1238 811 1322 magni
826 1239 1025 1304 discriminis
1035 1239 1156 1302 versari
1171 1235 1262 1302 haud
1279 1238 1413 1322 ignoras
1429 1240 1462 1303 in
1478 1261 1522 1325 ea

262 1315 371 1426 ‘w'
622 1341 818 1423 quaestione
828 1362 915 1426 quae
929 1342 1061 1406 socialis
1077 1343 1207 1420 dicitur,
1222 1343 1317 1407 cuius
1327 1351 1424 1408 tanta
1439 1363 1516 1427 gra-

270 1475 386 1536 pmye,
623 1446 710 1510 vitas
728 1454 779 1510 est
799 1454 836 1509 ut
850 1465 908 1510 eos
924 1465 1057 1528 quoque
1071 1445 1227 1510 sollicitet
1238 1446 1296 1528 qui
1309 1445 1343 1509 in
1357 1445 1520 1510 maximis

233 1549 278 1604 ΙΜ·
291 1535 385 1603 Μ·
623 1549 779 1633 Europae
790 1550 980 1634 regionibus
990 1569 1142 1615 summae
1151 1551 1198 1614 rei
1207 1560 1375 1633 praesunt.
1392 1551 1515 1634 Neque

234 1609 275 1638 om
300 1609 312 1638 s
347 1593 387 1638 uI'

234 1608 345 1698 merx
410 1661 443 1716 te
459 1651 541 1717 latet
558 1672 600 1716 eo
616 1651 741 1717 iamdiu
752 1673 847 1716 curas
861 1652 1002 1719 Nostras
1018 1653 1118 1718 luisse
1129 1671 1316 1731 conversas,
1331 1663 1367 1719 ut
1378 1673 1513 1736 perspe-

231 1715 371 1818 iliter-iii.
409 1765 484 1820 ctae
510 1755 626 1820 fierent
651 1756 788 1821 intimae
808 1755 907 1821 huius
932 1755 1010 1822 mali
1035 1775 1182 1834 caussae,
1200 1776 1355 1841 quaeque
1378 1758 1446 1822 sint
1470 1757 1520 1822 illi

409 1860 586 1943 aptissima
601 1859 794 1925 adhibenda
809 1859 964 1925 remedia.
976 1859 1066 1944 Quin
1082 1861 1184 1925 etiam
1200 1860 1234 1924 in
1251 1860 1369 1926 litteris
1387 1879 1454 1926 non
1471 1861 1523 1926 ita

409 1961 539 2044 pridem
563 1963 652 2028 datis
669 1957 672 1966 ’
689 1964 732 2028 ad
766 1963 1023 2030 Serenissimum
1043 1963 1245 2030 Germaniae
1262 1963 1522 2047 Imperatorem,

333 2067 336 2074 ’
409 2065 587 2129 borussiae
604 2066 744 2150 Regem,
772 2066 829 2148 qui
857 2066 1106 2149 perhumaniter
1136 2066 1245 2132 Nobis
1268 2067 1448 2150 scripserat
1471 2066 1518 2131 de

411 2167 530 2232 illustri
545 2180 713 2235 conventu
729 2170 787 2253 qui
803 2190 843 2234 ea
858 2189 957 2254 super
972 2189 1008 2233 re
1019 2169 1165 2234 Berolini
1181 2189 1288 2252 nuper
1301 2179 1355 2234 est
1369 2169 1519 2248 babitus,

413 2273 587 2356 perspicue
612 2273 855 2338 declaravimus
885 2273 1033 2338 studium
1058 2292 1126 2356 quo
1152 2271 1289 2337 ferimur
1318 2282 1356 2338 ut
1386 2273 1519 2338 miseris

409 2375 626 2458 opitulemur,
641 2376 699 2455 qui
715 2377 840 2441 victum
857 2375 970 2442 labore
985 2375 1175 2460 quaeritant
1187 2375 1293 2458 iisque
1304 2394 1441 2440 omnem
1457 2395 1523 2458 pro

409 2477 533 2543 viribus
543 2477 812 2544 benevolentiam
828 2488 1044 2562 praestemus.
1053 2511 1097 2524 --
1111 2478 1197 2543 illud
1211 2497 1292 2542 sane
1302 2478 1521 2561 prudentiam

262 2634 308 2679 Ad
322 2633 386 2678 mc
410 2591 504 2646 tuam
532 2581 635 2647 latere
663 2583 788 2666 nequit,
804 2585 895 2666 quod
913 2603 1037 2666 magna
1060 2583 1137 2648 licet
1157 2583 1323 2666 praesidia
1338 2584 1406 2649 sint
1421 2583 1519 2668 queis

232 2693 369 2763 soranum
414 2685 520 2749 civilis
533 2694 682 2767 potestas
698 2685 747 2750 uti
763 2685 852 2750 valet
868 2695 905 2751 ut
920 2687 1145 2770 operariorum
1170 2685 1321 2751 conditio
1346 2685 1521 2764 allevetur,

229 2758 386 2881 mnae·
413 2788 561 2873 potiores
576 2798 689 2853 tamen
716 2790 784 2854 sint
808 2791 842 2853 in
867 2809 908 2854 eo
930 2790 1067 2855 salutari
1082 2809 1183 2872 opere
1199 2799 1311 2873 partes
1335 2791 1522 2858 Ecclesiae.

234 2871 308 2918 ‘¹⁶⁸⁰
324 2873 383 2929 ‘'⁸²‘'
412 2894 548 2979 Quippe
563 2893 676 2958 divina
691 2894 741 2957 vis
757 2913 823 2976 qua
838 2894 955 2977 religio
970 2894 1075 2977 pollet
1091 2904 1220 2958 mentes
1232 2893 1407 2958 hominum
1424 2895 1521 2978 peni-

410 3008 466 3063 tus
480 3006 515 3062 et
531 2997 633 3062 corda
648 3016 825 3079 permeans
840 2999 887 3062 sic
903 3019 942 3062 ea
958 2999 1073 3080 dirigit
1085 3019 1124 3062 ac
1140 2997 1253 3074 flectit,
1268 3008 1306 3063 ut
1321 2997 1399 3063 iusti
1416 2998 1515 3062 recti·

409 3122 476 3187 que
504 3103 595 3166 viam
618 3111 801 3185 sequantur
824 3102 921 3168 ultro.
942 3139 986 3152 —
1017 3103 1079 3168 Est
1102 3102 1192 3165 enim
1216 3101 1369 3166 Ecclesia
1401 3101 1519 3166 nativo

301 3228 388 3289 propa
411 3204 558 3288 quodam
590 3205 661 3268 iure
690 3204 856 3268 revelatae
886 3225 906 3267 a
938 3206 1013 3270 Deo
1043 3206 1193 3269 veritatis
1223 3203 1332 3268 fidelis
1362 3217 1477 3268 custos
1500 3225 1522 3268 a

233 3286 388 3407 2255„ss⁹“'‘
412 3307 547 3373 Christo
559 3307 718 3384 Domino,
730 3309 787 3390 qui
799 3307 965 3390 sapientia
979 3309 1086 3372 Patris
1097 3317 1158 3384 est,
1174 3310 1373 3372 mandatum
1390 3307 1523 3372 habens

236 3419 386 3512 {52⁸⁸}ss
411 3421 445 3476 et
459 3410 555 3474 heres
571 3410 719 3474 caritatis
733 3411 826 3489 Eius,
837 3412 893 3494 qui
907 3427 925 3480 <t
930 3421 1058 3494 propter
1068 3432 1129 3476 nos
1140 3433 1258 3495 egenus
1258 3412 1377 3494 factus
1387 3421 1436 3476 est
1445 3433 1523 3476 cum

228 3499 386 3644 jvr'aacfofi·
409 3523 492 3578 esser
504 3513 623 3581 dives)
643 3525 680 3577 ut
695 3533 802 3597 aeque
818 3515 912 3580 dives
933 3535 971 3580 ac
989 3535 1114 3598 pauper
1131 3515 1243 3598 Ipsius
1259 3513 1421 3582 referrent
1436 3515 1523 3581 ima-

236 3589 388 3702 :werre
411 3618 535 3700 ginem,
549 3617 664 3699 adepti
680 3618 881 3700 dignitatem
899 3619 1042 3683 filiorum
1059 3619 1124 3682 Dei
1142 3641 1149 3683 :
1166 3629 1268 3702 atque
1284 3620 1331 3684 ita
1354 3639 1524 3702 pauperes

239 3705 309 3748 Μ·
412 3720 534 3784 dilexit
550 3730 587 3784 ut
602 3720 642 3782 iis
658 3722 859 3802 praecipuae
884 3723 1058 3804 praeberet
1072 3721 1221 3785 caritatis
1237 3721 1372 3788 indicia.
1395 3721 1455 3786 Ab
1481 3741 1525 3786 eo

413 3823 565 3908 prolecta
594 3833 645 3887 est
683 3824 895 3888 sanctissima
912 3823 1087 3908 Evangelii
1103 3825 1266 3904 doctrina,
1292 3845 1361 3907 qua
1392 3824 1523 3890 nullum

413 3926 626 4012 prestabilius
640 3945 760 3990 munus
772 3937 824 3992 est
836 3928 985 3992 humano
995 3930 1108 4012 generi
1120 3930 1255 4009 datum;
1266 3947 1344 3992 narn
1355 3926 1526 4008 descripta

413 4031 604 4115 praeferens
629 4029 854 4094 immutabilia
881 4030 1089 4113 singulorum
1114 4033 1184 4096 iura
1206 4041 1240 4097 et
1269 4027 1391 4108 officia,
1419 4027 1525 4094 nobili

415 4134 561 4199 iustitiae
578 4144 612 4195 et
627 4131 777 4198 caritatis
814 4135 996 4216 complexu
1005 4133 1078 4198 sola
1093 4143 1205 4217 potest
1231 4133 1362 4199 efficere
1379 4153 1422 4197 ne
1441 4131 1526 4215 quid

414 4255 571 4320 asperum
584 4235 628 4298 sit
654 4235 688 4298 in
705 4257 744 4300 ea
771 4238 1003 4302 conditionum
1019 4237 1207 4302 differentia
1223 4257 1325 4321 quarn
1348 4245 1470 4318 suapte
1495 4235 1528 4299 vi

417 4349 536 4406 natura
569 4337 745 4403 hominum
777 4342 894 4424 gignit.
927 4341 1039 4425 Quare
1068 4341 1271 4406 tutissimam
1304 4341 1403 4404 iniret
1434 4339 1529 4404 viam
