<?xml version="1.0" encoding="UTF-8"?>
<!DOCTYPE html PUBLIC "-//W3C//DTD XHTML 1.0 Transitional//EN"
    "http://www.w3.org/TR/xhtml1/DTD/xhtml1-transitional.dtd">
<html xmlns="http://www.w3.org/1999/xhtml" xml:lang="en" lang="en">
 <head>
  <title>
</title>
<meta http-equiv="Content-Type" content="text/html;charset=utf-8" />
  <meta name='ocr-system' content='tesseract 3.04.00' />
  <meta name='ocr-capabilities' content='ocr_page ocr_carea ocr_par ocr_line ocrx_word'/>
</head>
<body>
  <div class='ocr_page' id='page_1' title='image "./sanctissimidomi02xiiigoog_0213.png"; bbox 0 0 3354 4938; ppageno 0'>
   <div class='ocr_carea' id='block_1_1' title="bbox 466 259 1411 335">
    <p class='ocr_par' dir='ltr' id='par_1_1' title="bbox 466 259 1411 335">
     <span class='ocr_line' id='line_1_1' title="bbox 466 259 1411 335; baseline -0.002 -10"><span class='ocrx_word' id='word_1_1' title='bbox 466 259 536 326; x_wconf 82' lang='lat'>206</span> <span class='ocrx_word' id='word_1_2' title='bbox 608 273 796 324; x_wconf 68' lang='lat' dir='ltr'>mannus</span> <span class='ocrx_word' id='word_1_3' title='bbox 815 273 972 326; x_wconf 68' lang='lat' dir='ltr'>encres.</span> <span class='ocrx_word' id='word_1_4' title='bbox 996 261 1023 304; x_wconf 52' lang='lat'>“2</span> <span class='ocrx_word' id='word_1_5' title='bbox 1038 271 1169 324; x_wconf 75' lang='lat' dir='ltr'>neuun</span> <span class='ocrx_word' id='word_1_6' title='bbox 1190 271 1377 325; x_wconf 77' lang='lat' dir='ltr'>novnuuru</span> <span class='ocrx_word' id='word_1_7' title='bbox 1392 309 1411 335; x_wconf 90' lang='lat'><em>„</em></span> 
     </span>
    </p>
   </div>
   <div class='ocr_carea' id='block_1_2' title="bbox 283 451 1571 2094">
    <p class='ocr_par' dir='ltr' id='par_1_2' title="bbox 286 451 1566 560">
     <span class='ocr_line' id='line_1_2' title="bbox 286 451 1566 560; baseline 0.002 -45"><span class='ocrx_word' id='word_1_8' title='bbox 286 455 438 560; x_wconf 39' lang='lat'>55:¹2&amp;</span> <span class='ocrx_word' id='word_1_9' title='bbox 462 451 647 516; x_wconf 85' lang='lat' dir='ltr'>necessaria</span> <span class='ocrx_word' id='word_1_10' title='bbox 659 463 696 516; x_wconf 89' lang='lat' dir='ltr'>ut</span> <span class='ocrx_word' id='word_1_11' title='bbox 706 471 887 516; x_wconf 87' lang='lat' dir='ltr'>consensus</span> <span class='ocrx_word' id='word_1_12' title='bbox 898 453 932 516; x_wconf 91' lang='lat' dir='ltr'>in</span> <span class='ocrx_word' id='word_1_13' title='bbox 945 453 1078 535; x_wconf 83' lang='lat' dir='ltr'>agendo</span> <span class='ocrx_word' id='word_1_14' title='bbox 1094 451 1153 517; x_wconf 88' lang='lat' dir='ltr'>liat</span> <span class='ocrx_word' id='word_1_15' title='bbox 1163 453 1434 535; x_wconf 83' lang='lat' dir='ltr'>conspiratioque</span> <span class='ocrx_word' id='word_1_16' title='bbox 1450 453 1566 517; x_wconf 88' lang='lat' dir='ltr'>volun·</span> 
     </span>
    </p>

    <p class='ocr_par' dir='ltr' id='par_1_3' title="bbox 286 555 1567 647">
     <span class='ocr_line' id='line_1_3' title="bbox 286 555 1567 647; baseline 0.002 -29"><span class='ocrx_word' id='word_1_17' title='bbox 286 574 372 643; x_wconf 49' lang='lat' dir='ltr'>rorem</span> <span class='ocrx_word' id='word_1_18' title='bbox 392 574 437 618; x_wconf 78' lang='lat' dir='ltr'>coz·</span> <span class='ocrx_word' id='word_1_19' title='bbox 461 565 580 622; x_wconf 84' lang='lat' dir='ltr'>tatum.</span> <span class='ocrx_word' id='word_1_20' title='bbox 597 555 741 620; x_wconf 85' lang='lat' dir='ltr'>Proinde</span> <span class='ocrx_word' id='word_1_21' title='bbox 755 556 783 618; x_wconf 93' lang='lat' dir='ltr'>si</span> <span class='ocrx_word' id='word_1_22' title='bbox 796 555 899 619; x_wconf 90' lang='lat' dir='ltr'>libera</span> <span class='ocrx_word' id='word_1_23' title='bbox 914 555 1042 620; x_wconf 89' lang='lat' dir='ltr'>civibus</span> <span class='ocrx_word' id='word_1_24' title='bbox 1053 555 1196 620; x_wconf 91' lang='lat' dir='ltr'>coeundi</span> <span class='ocrx_word' id='word_1_25' title='bbox 1212 555 1354 620; x_wconf 80' lang='lat' dir='ltr'>facultas</span> <span class='ocrx_word' id='word_1_26' title='bbox 1366 569 1425 635; x_wconf 87' lang='lat' dir='ltr'>est,</span> <span class='ocrx_word' id='word_1_27' title='bbox 1441 566 1477 647; x_wconf 84' lang='lat' dir='ltr'>ut</span> <span class='ocrx_word' id='word_1_28' title='bbox 1492 575 1567 640; x_wconf 87' lang='lat' dir='ltr'>pro·</span> 
     </span>
    </p>

    <p class='ocr_par' dir='ltr' id='par_1_4' title="bbox 286 633 1568 752">
     <span class='ocr_line' id='line_1_4' title="bbox 286 633 1568 752; baseline 0.002 -31"><span class='ocrx_word' id='word_1_29' title='bbox 286 633 437 752; x_wconf 52' lang='lat' dir='ltr'>mnin-</span> <span class='ocrx_word' id='word_1_30' title='bbox 463 657 551 722; x_wconf 85' lang='lat' dir='ltr'>lecto</span> <span class='ocrx_word' id='word_1_31' title='bbox 567 660 687 735; x_wconf 66' lang='lat' dir='ltr'>estius</span> <span class='ocrx_word' id='word_1_32' title='bbox 703 677 921 741; x_wconf 89' lang='lat' dir='ltr'>quoqueesse</span> <span class='ocrx_word' id='word_1_33' title='bbox 931 667 1066 741; x_wconf 87' lang='lat' dir='ltr'>oportet</span> <span class='ocrx_word' id='word_1_34' title='bbox 1081 679 1156 723; x_wconf 89' lang='lat' dir='ltr'>eam</span> <span class='ocrx_word' id='word_1_35' title='bbox 1173 658 1275 723; x_wconf 91' lang='lat' dir='ltr'>libere</span> <span class='ocrx_word' id='word_1_36' title='bbox 1290 669 1408 742; x_wconf 90' lang='lat' dir='ltr'>optare</span> <span class='ocrx_word' id='word_1_37' title='bbox 1423 661 1568 745; x_wconf 91' lang='lat' dir='ltr'>discipli·</span> 
     </span>
    </p>

    <p class='ocr_par' dir='ltr' id='par_1_5' title="bbox 285 755 1569 948">
     <span class='ocr_line' id='line_1_5' title="bbox 285 755 1569 848; baseline 0.004 -24"><span class='ocrx_word' id='word_1_38' title='bbox 285 755 343 806; x_wconf 70' lang='lat'>“⁰¹¹</span> <span class='ocrx_word' id='word_1_39' title='bbox 462 782 552 838; x_wconf 90' lang='lat' dir='ltr'>narn,</span> <span class='ocrx_word' id='word_1_40' title='bbox 568 781 691 845; x_wconf 86' lang='lat' dir='ltr'>easque</span> <span class='ocrx_word' id='word_1_41' title='bbox 706 761 796 844; x_wconf 87' lang='lat' dir='ltr'>leges</span> <span class='ocrx_word' id='word_1_42' title='bbox 809 781 895 844; x_wconf 92' lang='lat' dir='ltr'>quae</span> <span class='ocrx_word' id='word_1_43' title='bbox 912 763 1062 826; x_wconf 84' lang='lat' dir='ltr'>maxime</span> <span class='ocrx_word' id='word_1_44' title='bbox 1076 762 1264 827; x_wconf 88' lang='lat' dir='ltr'>conducere</span> <span class='ocrx_word' id='word_1_45' title='bbox 1279 764 1322 827; x_wconf 89' lang='lat' dir='ltr'>ad</span> <span class='ocrx_word' id='word_1_46' title='bbox 1335 764 1478 848; x_wconf 90' lang='lat' dir='ltr'>id,quod</span> <span class='ocrx_word' id='word_1_47' title='bbox 1495 785 1569 848; x_wconf 91' lang='lat' dir='ltr'>pro-</span> 
     </span>
     <span class='ocr_line' id='line_1_6' title="bbox 463 865 900 948; baseline 0.002 -19"><span class='ocrx_word' id='word_1_48' title='bbox 463 867 612 948; x_wconf 88' lang='lat' dir='ltr'>positum</span> <span class='ocrx_word' id='word_1_49' title='bbox 630 875 689 944; x_wconf 88' lang='lat' dir='ltr'>est,</span> <span class='ocrx_word' id='word_1_50' title='bbox 703 865 900 931; x_wconf 90' lang='lat' dir='ltr'>iudicentur.</span> 
     </span>
    </p>

    <p class='ocr_par' dir='ltr' id='par_1_6' title="bbox 285 971 1571 1056">
     <span class='ocr_line' id='line_1_7' title="bbox 285 971 1571 1056; baseline 0.003 -24"><span class='ocrx_word' id='word_1_51' title='bbox 285 1013 308 1054; x_wconf 51' lang='lat' dir='ltr'>e,</span> <span class='ocrx_word' id='word_1_52' title='bbox 323 1021 339 1054; x_wconf 78' lang='lat' dir='ltr'>a</span> <span class='ocrx_word' id='word_1_53' title='bbox 357 1008 437 1054; x_wconf 52' lang='lat' dir='ltr'>„mg</span> <span class='ocrx_word' id='word_1_54' title='bbox 509 971 605 1047; x_wconf 89' lang='lat' dir='ltr'>Earn,</span> <span class='ocrx_word' id='word_1_55' title='bbox 620 989 707 1052; x_wconf 89' lang='lat' dir='ltr'>quae</span> <span class='ocrx_word' id='word_1_56' title='bbox 723 979 909 1034; x_wconf 90' lang='lat' dir='ltr'>memorata</span> <span class='ocrx_word' id='word_1_57' title='bbox 925 980 985 1046; x_wconf 87' lang='lat' dir='ltr'>est,</span> <span class='ocrx_word' id='word_1_58' title='bbox 1000 971 1279 1053; x_wconf 86' lang='lat' dir='ltr'>temperationem</span> <span class='ocrx_word' id='word_1_59' title='bbox 1292 972 1571 1056; x_wconf 81' lang='lat' dir='ltr'>disciplinamque</span> 
     </span>
    </p>

    <p class='ocr_par' dir='ltr' id='par_1_7' title="bbox 283 1068 1571 1188">
     <span class='ocr_line' id='line_1_8' title="bbox 283 1068 1571 1188; baseline 0.004 -53"><span class='ocrx_word' id='word_1_60' title='bbox 283 1068 411 1188; x_wconf 48' lang='lat' dir='ltr'>zm&amp;</span> <span class='ocrx_word' id='word_1_61' title='bbox 463 1074 679 1156; x_wconf 87' lang='lat' dir='ltr'>collegiorum</span> <span class='ocrx_word' id='word_1_62' title='bbox 697 1074 830 1158; x_wconf 90' lang='lat' dir='ltr'>qualern</span> <span class='ocrx_word' id='word_1_63' title='bbox 847 1095 919 1138; x_wconf 90' lang='lat' dir='ltr'>esse</span> <span class='ocrx_word' id='word_1_64' title='bbox 942 1074 975 1138; x_wconf 90' lang='lat' dir='ltr'>in</span> <span class='ocrx_word' id='word_1_65' title='bbox 993 1075 1143 1157; x_wconf 89' lang='lat' dir='ltr'>partibus</span> <span class='ocrx_word' id='word_1_66' title='bbox 1158 1075 1227 1140; x_wconf 89' lang='lat' dir='ltr'>suis</span> <span class='ocrx_word' id='word_1_67' title='bbox 1251 1076 1392 1158; x_wconf 84' lang='lat' dir='ltr'>singulis</span> <span class='ocrx_word' id='word_1_68' title='bbox 1407 1075 1571 1160; x_wconf 85' lang='lat' dir='ltr'>oporteat,</span> 
     </span>
    </p>

    <p class='ocr_par' dir='ltr' id='par_1_8' title="bbox 463 1177 1568 1264">
     <span class='ocr_line' id='line_1_9' title="bbox 463 1177 1568 1264; baseline 0.005 -24"><span class='ocrx_word' id='word_1_69' title='bbox 463 1179 596 1240; x_wconf 89' lang='lat' dir='ltr'>decerni</span> <span class='ocrx_word' id='word_1_70' title='bbox 612 1178 710 1241; x_wconf 90' lang='lat' dir='ltr'>certis</span> <span class='ocrx_word' id='word_1_71' title='bbox 725 1177 939 1262; x_wconf 84' lang='lat' dir='ltr'>definitisque</span> <span class='ocrx_word' id='word_1_72' title='bbox 954 1177 1076 1261; x_wconf 87' lang='lat' dir='ltr'>regulis</span> <span class='ocrx_word' id='word_1_73' title='bbox 1096 1198 1163 1242; x_wconf 92' lang='lat' dir='ltr'>non</span> <span class='ocrx_word' id='word_1_74' title='bbox 1180 1199 1354 1244; x_wconf 88' lang='lat' dir='ltr'>censemus</span> <span class='ocrx_word' id='word_1_75' title='bbox 1370 1200 1478 1264; x_wconf 90' lang='lat' dir='ltr'>posse,</span> <span class='ocrx_word' id='word_1_76' title='bbox 1494 1201 1568 1246; x_wconf 86' lang='lat' dir='ltr'>cum</span> 
     </span>
    </p>

    <p class='ocr_par' dir='ltr' id='par_1_9' title="bbox 462 1281 1570 1368">
     <span class='ocr_line' id='line_1_10' title="bbox 462 1281 1570 1368; baseline 0.003 -24"><span class='ocrx_word' id='word_1_77' title='bbox 462 1281 496 1345; x_wconf 93' lang='lat' dir='ltr'>id</span> <span class='ocrx_word' id='word_1_78' title='bbox 513 1281 625 1362; x_wconf 88' lang='lat' dir='ltr'>potius</span> <span class='ocrx_word' id='word_1_79' title='bbox 640 1281 857 1346; x_wconf 91' lang='lat' dir='ltr'>statuendum</span> <span class='ocrx_word' id='word_1_80' title='bbox 873 1282 916 1345; x_wconf 90' lang='lat' dir='ltr'>sit</span> <span class='ocrx_word' id='word_1_81' title='bbox 932 1302 977 1345; x_wconf 86' lang='lat' dir='ltr'>ex</span> <span class='ocrx_word' id='word_1_82' title='bbox 993 1282 1130 1365; x_wconf 84' lang='lat' dir='ltr'>ingenio</span> <span class='ocrx_word' id='word_1_83' title='bbox 1145 1283 1307 1367; x_wconf 90' lang='lat' dir='ltr'>cuiusque</span> <span class='ocrx_word' id='word_1_84' title='bbox 1322 1287 1441 1368; x_wconf 85' lang='lat' dir='ltr'>gentis,</span> <span class='ocrx_word' id='word_1_85' title='bbox 1453 1305 1500 1348; x_wconf 88' lang='lat' dir='ltr'>ex</span> <span class='ocrx_word' id='word_1_86' title='bbox 1515 1305 1570 1367; x_wconf 91' lang='lat' dir='ltr'>pe-</span> 
     </span>
    </p>

    <p class='ocr_par' dir='ltr' id='par_1_10' title="bbox 462 1385 1569 1471">
     <span class='ocr_line' id='line_1_11' title="bbox 462 1385 1569 1471; baseline 0.003 -23"><span class='ocrx_word' id='word_1_87' title='bbox 462 1385 663 1450; x_wconf 92' lang='lat' dir='ltr'>riclitatione</span> <span class='ocrx_word' id='word_1_88' title='bbox 678 1394 712 1448; x_wconf 89' lang='lat' dir='ltr'>et</span> <span class='ocrx_word' id='word_1_89' title='bbox 734 1403 805 1463; x_wconf 91' lang='lat' dir='ltr'>usu,</span> <span class='ocrx_word' id='word_1_90' title='bbox 829 1405 873 1450; x_wconf 82' lang='lat' dir='ltr'>ex</span> <span class='ocrx_word' id='word_1_91' title='bbox 900 1405 1022 1469; x_wconf 85' lang='lat' dir='ltr'>genere</span> <span class='ocrx_word' id='word_1_92' title='bbox 1037 1395 1139 1470; x_wconf 89' lang='lat' dir='ltr'>atque</span> <span class='ocrx_word' id='word_1_93' title='bbox 1154 1387 1332 1452; x_wconf 88' lang='lat' dir='ltr'>efficientia</span> <span class='ocrx_word' id='word_1_94' title='bbox 1353 1409 1504 1471; x_wconf 90' lang='lat' dir='ltr'>operum,</span> <span class='ocrx_word' id='word_1_95' title='bbox 1527 1405 1569 1451; x_wconf 84' lang='lat' dir='ltr'>ex</span> 
     </span>
    </p>

    <p class='ocr_par' dir='ltr' id='par_1_11' title="bbox 461 1487 1569 1576">
     <span class='ocr_line' id='line_1_12' title="bbox 461 1487 1569 1576; baseline 0.003 -23"><span class='ocrx_word' id='word_1_96' title='bbox 461 1487 685 1571; x_wconf 86' lang='lat' dir='ltr'>amplitudine</span> <span class='ocrx_word' id='word_1_97' title='bbox 708 1491 994 1576; x_wconf 79' lang='lat' dir='ltr'>commerciorum,</span> <span class='ocrx_word' id='word_1_98' title='bbox 1016 1490 1157 1574; x_wconf 90' lang='lat' dir='ltr'>aliisque</span> <span class='ocrx_word' id='word_1_99' title='bbox 1183 1511 1292 1556; x_wconf 90' lang='lat' dir='ltr'>rerum</span> <span class='ocrx_word' id='word_1_100' title='bbox 1317 1513 1356 1556; x_wconf 86' lang='lat' dir='ltr'>ac</span> <span class='ocrx_word' id='word_1_101' title='bbox 1379 1503 1569 1575; x_wconf 89' lang='lat' dir='ltr'>temporum</span> 
     </span>
    </p>

    <p class='ocr_par' dir='ltr' id='par_1_12' title="bbox 285 1587 1568 1708">
     <span class='ocr_line' id='line_1_13' title="bbox 285 1587 1568 1708; baseline 0.003 -52"><span class='ocrx_word' id='word_1_102' title='bbox 285 1587 439 1708; x_wconf 47' lang='lat' dir='ltr'>§exemi</span> <span class='ocrx_word' id='word_1_103' title='bbox 461 1593 730 1676; x_wconf 84' lang='lat' dir='ltr'>adiunctis,quae</span> <span class='ocrx_word' id='word_1_104' title='bbox 739 1603 818 1658; x_wconf 92' lang='lat' dir='ltr'>sunt</span> <span class='ocrx_word' id='word_1_105' title='bbox 827 1595 1009 1680; x_wconf 89' lang='lat' dir='ltr'>prudenter</span> <span class='ocrx_word' id='word_1_106' title='bbox 1019 1596 1310 1676; x_wconf 88' lang='lat' dir='ltr'>ponderandaAd</span> <span class='ocrx_word' id='word_1_107' title='bbox 1321 1617 1490 1661; x_wconf 88' lang='lat' dir='ltr'>summam</span> <span class='ocrx_word' id='word_1_108' title='bbox 1501 1615 1568 1662; x_wconf 89' lang='lat' dir='ltr'>rem</span> 
     </span>
    </p>

    <p class='ocr_par' dir='ltr' id='par_1_13' title="bbox 286 1697 1569 1783">
     <span class='ocr_line' id='line_1_14' title="bbox 286 1697 1569 1783; baseline 0.01 -30"><span class='ocrx_word' id='word_1_109' title='bbox 286 1707 428 1754; x_wconf 64' lang='lat' dir='ltr'>reducem:</span> <span class='ocrx_word' id='word_1_110' title='bbox 462 1699 553 1781; x_wconf 93' lang='lat' dir='ltr'>quod</span> <span class='ocrx_word' id='word_1_111' title='bbox 571 1705 710 1780; x_wconf 90' lang='lat' dir='ltr'>spectat,</span> <span class='ocrx_word' id='word_1_112' title='bbox 724 1697 807 1762; x_wconf 90' lang='lat' dir='ltr'>haec</span> <span class='ocrx_word' id='word_1_113' title='bbox 823 1707 986 1782; x_wconf 88' lang='lat' dir='ltr'>tanqnam</span> <span class='ocrx_word' id='word_1_114' title='bbox 1003 1699 1060 1762; x_wconf 85' lang='lat' dir='ltr'>lex</span> <span class='ocrx_word' id='word_1_115' title='bbox 1076 1699 1240 1779; x_wconf 84' lang='lat' dir='ltr'>generalis</span> <span class='ocrx_word' id='word_1_116' title='bbox 1256 1719 1295 1763; x_wconf 95' lang='lat' dir='ltr'>ac</span> <span class='ocrx_word' id='word_1_117' title='bbox 1312 1711 1474 1783; x_wconf 86' lang='lat' dir='ltr'>perpetua</span> <span class='ocrx_word' id='word_1_118' title='bbox 1497 1722 1569 1766; x_wconf 89' lang='lat' dir='ltr'>san·</span> 
     </span>
    </p>

    <p class='ocr_par' dir='ltr' id='par_1_14' title="bbox 463 1801 1569 1884">
     <span class='ocr_line' id='line_1_15' title="bbox 463 1801 1569 1884; baseline -0.002 -18"><span class='ocrx_word' id='word_1_119' title='bbox 463 1802 578 1878; x_wconf 88' lang='lat' dir='ltr'>ciatur,</span> <span class='ocrx_word' id='word_1_120' title='bbox 594 1801 640 1865; x_wconf 91' lang='lat' dir='ltr'>ita</span> <span class='ocrx_word' id='word_1_121' title='bbox 656 1801 814 1864; x_wconf 91' lang='lat' dir='ltr'>constitui</span> <span class='ocrx_word' id='word_1_122' title='bbox 827 1801 940 1884; x_wconf 90' lang='lat' dir='ltr'>itaque</span> <span class='ocrx_word' id='word_1_123' title='bbox 955 1801 1133 1884; x_wconf 89' lang='lat' dir='ltr'>gubernari</span> <span class='ocrx_word' id='word_1_124' title='bbox 1146 1801 1303 1884; x_wconf 86' lang='lat' dir='ltr'>opificum</span> <span class='ocrx_word' id='word_1_125' title='bbox 1315 1802 1456 1884; x_wconf 87' lang='lat' dir='ltr'>collegia</span> <span class='ocrx_word' id='word_1_126' title='bbox 1472 1823 1569 1884; x_wconf 91' lang='lat' dir='ltr'>opor·</span> 
     </span>
    </p>

    <p class='ocr_par' dir='ltr' id='par_1_15' title="bbox 461 1905 1569 1990">
     <span class='ocr_line' id='line_1_16' title="bbox 461 1905 1569 1990; baseline 0.004 -24"><span class='ocrx_word' id='word_1_127' title='bbox 461 1914 540 1980; x_wconf 88' lang='lat' dir='ltr'>tere,</span> <span class='ocrx_word' id='word_1_128' title='bbox 570 1913 608 1969; x_wconf 89' lang='lat' dir='ltr'>ut</span> <span class='ocrx_word' id='word_1_129' title='bbox 641 1905 864 1969; x_wconf 90' lang='lat' dir='ltr'>instrumenta</span> <span class='ocrx_word' id='word_1_130' title='bbox 897 1907 1115 1988; x_wconf 89' lang='lat' dir='ltr'>suppeditent</span> <span class='ocrx_word' id='word_1_131' title='bbox 1145 1905 1320 1988; x_wconf 89' lang='lat' dir='ltr'>aptissima</span> <span class='ocrx_word' id='word_1_132' title='bbox 1354 1908 1569 1990; x_wconf 85' lang='lat' dir='ltr'>maximeque</span> 
     </span>
    </p>

    <p class='ocr_par' dir='ltr' id='par_1_16' title="bbox 309 1997 1567 2094">
     <span class='ocr_line' id='line_1_17' title="bbox 309 1997 1567 2094; baseline 0.002 -25"><span class='ocrx_word' id='word_1_133' title='bbox 309 1998 333 2055; x_wconf 76' lang='lat'>²)</span> <span class='ocrx_word' id='word_1_134' title='bbox 349 1997 382 2042; x_wconf 71' lang='lat' dir='ltr'>‘J‘</span> <span class='ocrx_word' id='word_1_135' title='bbox 391 2013 436 2044; x_wconf 47' lang='grc' dir='ltr'><em>Μ</em></span> <span class='ocrx_word' id='word_1_136' title='bbox 462 2009 623 2089; x_wconf 88' lang='lat' dir='ltr'>expedita</span> <span class='ocrx_word' id='word_1_137' title='bbox 639 2009 682 2072; x_wconf 89' lang='lat' dir='ltr'>ad</span> <span class='ocrx_word' id='word_1_138' title='bbox 698 2009 742 2086; x_wconf 86' lang='lat' dir='ltr'>id,</span> <span class='ocrx_word' id='word_1_139' title='bbox 758 2009 848 2092; x_wconf 91' lang='lat' dir='ltr'>quod</span> <span class='ocrx_word' id='word_1_140' title='bbox 872 2017 923 2073; x_wconf 90' lang='lat' dir='ltr'>est</span> <span class='ocrx_word' id='word_1_141' title='bbox 948 2011 1167 2092; x_wconf 90' lang='lat' dir='ltr'>propositum,</span> <span class='ocrx_word' id='word_1_142' title='bbox 1182 2011 1340 2094; x_wconf 89' lang='lat' dir='ltr'>quodque</span> <span class='ocrx_word' id='word_1_143' title='bbox 1356 2011 1389 2074; x_wconf 90' lang='lat' dir='ltr'>in</span> <span class='ocrx_word' id='word_1_144' title='bbox 1407 2031 1447 2074; x_wconf 91' lang='lat' dir='ltr'>eo</span> <span class='ocrx_word' id='word_1_145' title='bbox 1462 2011 1567 2076; x_wconf 90' lang='lat' dir='ltr'>consi·</span> 
     </span>
    </p>
   </div>
   <div class='ocr_carea' id='block_1_3' title="bbox 279 2059 436 2116">
    <p class='ocr_par' dir='ltr' id='par_1_17' title="bbox 279 2059 436 2116">
     <span class='ocr_line' id='line_1_18' title="bbox 279 2059 436 2116; baseline 0.013 -15"><span class='ocrx_word' id='word_1_146' title='bbox 279 2063 342 2116; x_wconf 78' lang='lat' dir='ltr'>prem</span> <span class='ocrx_word' id='word_1_147' title='bbox 365 2059 436 2115; x_wconf 78' lang='lat' dir='ltr'>prin·</span> 
     </span>
    </p>
   </div>
   <div class='ocr_carea' id='block_1_4' title="bbox 283 2111 1570 2234">
    <p class='ocr_par' dir='ltr' id='par_1_18' title="bbox 283 2111 1570 2234">
     <span class='ocr_line' id='line_1_19' title="bbox 283 2111 1570 2234; baseline 0.002 -58"><span class='ocrx_word' id='word_1_148' title='bbox 283 2117 436 2234; x_wconf 40' lang='lat' dir='ltr'>werp&amp;</span> <span class='ocrx_word' id='word_1_149' title='bbox 460 2111 518 2177; x_wconf 91' lang='lat' dir='ltr'>stit</span> <span class='ocrx_word' id='word_1_150' title='bbox 534 2121 572 2174; x_wconf 92' lang='lat' dir='ltr'>ut</span> <span class='ocrx_word' id='word_1_151' title='bbox 588 2111 709 2195; x_wconf 85' lang='lat' dir='ltr'>singuli</span> <span class='ocrx_word' id='word_1_152' title='bbox 731 2133 749 2175; x_wconf 91' lang='lat' dir='ltr'>e</span> <span class='ocrx_word' id='word_1_153' title='bbox 773 2113 934 2176; x_wconf 89' lang='lat' dir='ltr'>societate</span> <span class='ocrx_word' id='word_1_154' title='bbox 961 2115 1204 2178; x_wconf 90' lang='lat' dir='ltr'>incrementum</span> <span class='ocrx_word' id='word_1_155' title='bbox 1230 2115 1395 2178; x_wconf 89' lang='lat' dir='ltr'>bonorum</span> <span class='ocrx_word' id='word_1_156' title='bbox 1412 2115 1570 2198; x_wconf 85' lang='lat' dir='ltr'>corporis,</span> 
     </span>
    </p>
   </div>
   <div class='ocr_carea' id='block_1_5' title="bbox 279 2214 1567 4068">
    <p class='ocr_par' dir='ltr' id='par_1_19' title="bbox 279 2214 1567 4068">
     <span class='ocr_line' id='line_1_20' title="bbox 285 2214 1567 2304; baseline 0.002 -25"><span class='ocrx_word' id='word_1_157' title='bbox 285 2234 412 2304; x_wconf 58' lang='lat' dir='ltr'>rectionem</span> <span class='ocrx_word' id='word_1_158' title='bbox 459 2217 572 2294; x_wconf 89' lang='lat' dir='ltr'>animi,</span> <span class='ocrx_word' id='word_1_159' title='bbox 588 2217 634 2278; x_wconf 91' lang='lat' dir='ltr'>rei</span> <span class='ocrx_word' id='word_1_160' title='bbox 650 2214 832 2293; x_wconf 80' lang='lat' dir='ltr'>familiaris,</span> <span class='ocrx_word' id='word_1_161' title='bbox 842 2216 953 2299; x_wconf 91' lang='lat' dir='ltr'>quoad</span> <span class='ocrx_word' id='word_1_162' title='bbox 971 2225 1092 2299; x_wconf 87' lang='lat' dir='ltr'>potest,</span> <span class='ocrx_word' id='word_1_163' title='bbox 1107 2226 1337 2299; x_wconf 89' lang='lat' dir='ltr'>assequantur.</span> <span class='ocrx_word' id='word_1_164' title='bbox 1354 2217 1567 2299; x_wconf 88' lang='lat' dir='ltr'>Perspicuum</span> 
     </span>
     <span class='ocr_line' id='line_1_21' title="bbox 284 2301 1567 2402; baseline -0.002 -17"><span class='ocrx_word' id='word_1_165' title='bbox 284 2301 390 2400; x_wconf 56' lang='lat' dir='ltr'>iffi</span> <span class='ocrx_word' id='word_1_166' title='bbox 405 2308 435 2341; x_wconf 72' lang='lat'>²⁰</span> <span class='ocrx_word' id='word_1_167' title='bbox 459 2341 540 2385; x_wconf 91' lang='lat' dir='ltr'>vero</span> <span class='ocrx_word' id='word_1_168' title='bbox 555 2329 614 2395; x_wconf 91' lang='lat' dir='ltr'>est,</span> <span class='ocrx_word' id='word_1_169' title='bbox 638 2319 680 2382; x_wconf 89' lang='lat' dir='ltr'>ad</span> <span class='ocrx_word' id='word_1_170' title='bbox 705 2317 943 2402; x_wconf 85' lang='lat' dir='ltr'>perfectionem</span> <span class='ocrx_word' id='word_1_171' title='bbox 968 2318 1103 2400; x_wconf 89' lang='lat' dir='ltr'>pietatis</span> <span class='ocrx_word' id='word_1_172' title='bbox 1126 2327 1161 2383; x_wconf 90' lang='lat' dir='ltr'>et</span> <span class='ocrx_word' id='word_1_173' title='bbox 1179 2337 1310 2383; x_wconf 87' lang='lat' dir='ltr'>morum</span> <span class='ocrx_word' id='word_1_174' title='bbox 1327 2328 1501 2401; x_wconf 89' lang='lat' dir='ltr'>tamquam</span> <span class='ocrx_word' id='word_1_175' title='bbox 1526 2319 1567 2382; x_wconf 89' lang='lat' dir='ltr'>ad</span> 
     </span>
     <span class='ocr_line' id='line_1_22' title="bbox 460 2421 1567 2506; baseline -0.005 -16"><span class='ocrx_word' id='word_1_176' title='bbox 460 2444 612 2490; x_wconf 91' lang='lat' dir='ltr'>caussam</span> <span class='ocrx_word' id='word_1_177' title='bbox 629 2423 843 2506; x_wconf 85' lang='lat' dir='ltr'>praecipuam</span> <span class='ocrx_word' id='word_1_178' title='bbox 869 2421 1012 2505; x_wconf 90' lang='lat' dir='ltr'>spectari</span> <span class='ocrx_word' id='word_1_179' title='bbox 1028 2431 1202 2504; x_wconf 89' lang='lat' dir='ltr'>oportere:</span> <span class='ocrx_word' id='word_1_180' title='bbox 1226 2441 1333 2505; x_wconf 94' lang='lat' dir='ltr'>eaque</span> <span class='ocrx_word' id='word_1_181' title='bbox 1356 2421 1567 2506; x_wconf 89' lang='lat' dir='ltr'>potissimum</span> 
     </span>
     <span class='ocr_line' id='line_1_23' title="bbox 459 2525 1566 2609; baseline -0.002 -17"><span class='ocrx_word' id='word_1_182' title='bbox 459 2548 578 2592; x_wconf 86' lang='lat' dir='ltr'>caussa</span> <span class='ocrx_word' id='word_1_183' title='bbox 593 2525 804 2609; x_wconf 89' lang='lat' dir='ltr'>disciplinam</span> <span class='ocrx_word' id='word_1_184' title='bbox 815 2525 973 2591; x_wconf 86' lang='lat' dir='ltr'>socialem</span> <span class='ocrx_word' id='word_1_185' title='bbox 986 2527 1120 2609; x_wconf 89' lang='lat' dir='ltr'>penitus</span> <span class='ocrx_word' id='word_1_186' title='bbox 1130 2526 1352 2608; x_wconf 86' lang='lat' dir='ltr'>dirigendam.</span> <span class='ocrx_word' id='word_1_187' title='bbox 1364 2526 1466 2592; x_wconf 88' lang='lat' dir='ltr'>Secus</span> <span class='ocrx_word' id='word_1_188' title='bbox 1475 2525 1566 2590; x_wconf 90' lang='lat' dir='ltr'>enirn</span> 
     </span>
     <span class='ocr_line' id='line_1_24' title="bbox 459 2630 1564 2714; baseline -0.003 -17"><span class='ocrx_word' id='word_1_189' title='bbox 459 2637 701 2713; x_wconf 86' lang='lat' dir='ltr'>degenerarent</span> <span class='ocrx_word' id='word_1_190' title='bbox 714 2630 747 2694; x_wconf 91' lang='lat' dir='ltr'>in</span> <span class='ocrx_word' id='word_1_191' title='bbox 763 2631 864 2695; x_wconf 91' lang='lat' dir='ltr'>aliam</span> <span class='ocrx_word' id='word_1_192' title='bbox 880 2630 1032 2706; x_wconf 85' lang='lat' dir='ltr'>formam,</span> <span class='ocrx_word' id='word_1_193' title='bbox 1049 2631 1147 2712; x_wconf 91' lang='lat' dir='ltr'>eique</span> <span class='ocrx_word' id='word_1_194' title='bbox 1157 2631 1272 2713; x_wconf 88' lang='lat' dir='ltr'>generi</span> <span class='ocrx_word' id='word_1_195' title='bbox 1288 2630 1516 2714; x_wconf 88' lang='lat' dir='ltr'>collegiorum,</span> <span class='ocrx_word' id='word_1_196' title='bbox 1533 2631 1564 2694; x_wconf 92' lang='lat' dir='ltr'>in</span> 
     </span>
     <span class='ocr_line' id='line_1_25' title="bbox 459 2731 1564 2817; baseline 0 -19"><span class='ocrx_word' id='word_1_197' title='bbox 459 2734 581 2816; x_wconf 90' lang='lat' dir='ltr'>quibus</span> <span class='ocrx_word' id='word_1_198' title='bbox 597 2733 688 2797; x_wconf 90' lang='lat' dir='ltr'>nulla</span> <span class='ocrx_word' id='word_1_199' title='bbox 698 2733 784 2797; x_wconf 90' lang='lat' dir='ltr'>ratio</span> <span class='ocrx_word' id='word_1_200' title='bbox 796 2733 966 2817; x_wconf 86' lang='lat' dir='ltr'>religionis</span> <span class='ocrx_word' id='word_1_201' title='bbox 978 2733 1092 2798; x_wconf 89' lang='lat' dir='ltr'>haberi</span> <span class='ocrx_word' id='word_1_202' title='bbox 1109 2731 1203 2810; x_wconf 90' lang='lat' dir='ltr'>solet,</span> <span class='ocrx_word' id='word_1_203' title='bbox 1219 2734 1309 2798; x_wconf 89' lang='lat' dir='ltr'>haud</span> <span class='ocrx_word' id='word_1_204' title='bbox 1327 2755 1408 2798; x_wconf 89' lang='lat' dir='ltr'>sane</span> <span class='ocrx_word' id='word_1_205' title='bbox 1424 2735 1564 2800; x_wconf 89' lang='lat' dir='ltr'>multum</span> 
     </span>
     <span class='ocr_line' id='line_1_26' title="bbox 460 2833 1565 2922; baseline 0.004 -23"><span class='ocrx_word' id='word_1_206' title='bbox 460 2846 675 2919; x_wconf 89' lang='lat' dir='ltr'>praestarent.</span> <span class='ocrx_word' id='word_1_207' title='bbox 702 2835 859 2902; x_wconf 87' lang='lat' dir='ltr'>Ceterum</span> <span class='ocrx_word' id='word_1_208' title='bbox 879 2837 959 2922; x_wconf 91' lang='lat' dir='ltr'>quid</span> <span class='ocrx_word' id='word_1_209' title='bbox 975 2838 1082 2921; x_wconf 91' lang='lat' dir='ltr'>prosit</span> <span class='ocrx_word' id='word_1_210' title='bbox 1096 2833 1208 2918; x_wconf 87' lang='lat' dir='ltr'>opifici</span> <span class='ocrx_word' id='word_1_211' title='bbox 1225 2857 1334 2902; x_wconf 89' lang='lat' dir='ltr'>rerum</span> <span class='ocrx_word' id='word_1_212' title='bbox 1359 2840 1489 2922; x_wconf 89' lang='lat' dir='ltr'>copiam</span> <span class='ocrx_word' id='word_1_213' title='bbox 1513 2859 1565 2903; x_wconf 84' lang='lat' dir='ltr'>so·</span> 
     </span>
     <span class='ocr_line' id='line_1_27' title="bbox 459 2939 1564 3023; baseline 0.001 -19"><span class='ocrx_word' id='word_1_214' title='bbox 459 2941 581 3006; x_wconf 90' lang='lat' dir='ltr'>cietate</span> <span class='ocrx_word' id='word_1_215' title='bbox 596 2941 787 3023; x_wconf 89' lang='lat' dir='ltr'>quaesiisse,</span> <span class='ocrx_word' id='word_1_216' title='bbox 807 2940 834 3003; x_wconf 91' lang='lat' dir='ltr'>si</span> <span class='ocrx_word' id='word_1_217' title='bbox 850 2940 896 3004; x_wconf 94' lang='lat' dir='ltr'>ob</span> <span class='ocrx_word' id='word_1_218' title='bbox 919 2941 1068 3023; x_wconf 88' lang='lat' dir='ltr'>inopiam</span> <span class='ocrx_word' id='word_1_219' title='bbox 1087 2939 1153 3004; x_wconf 91' lang='lat' dir='ltr'>cibi</span> <span class='ocrx_word' id='word_1_220' title='bbox 1174 2940 1226 3003; x_wconf 93' lang='lat' dir='ltr'>sui</span> <span class='ocrx_word' id='word_1_221' title='bbox 1241 2941 1284 3004; x_wconf 93' lang='lat' dir='ltr'>de</span> <span class='ocrx_word' id='word_1_222' title='bbox 1307 2940 1416 3005; x_wconf 90' lang='lat' dir='ltr'>salute</span> <span class='ocrx_word' id='word_1_223' title='bbox 1437 2941 1564 3023; x_wconf 86' lang='lat' dir='ltr'>pericli·</span> 
     </span>
     <span class='ocr_line' id='line_1_28' title="bbox 458 3043 1565 3126; baseline -0.003 -15"><span class='ocrx_word' id='word_1_224' title='bbox 458 3053 548 3111; x_wconf 91' lang='lat' dir='ltr'>tetur</span> <span class='ocrx_word' id='word_1_225' title='bbox 563 3047 694 3110; x_wconf 82' lang='lat' dir='ltr'>anima?</span> <span class='ocrx_word' id='word_1_226' title='bbox 709 3043 803 3123; x_wconf 81' lang='lat' dir='ltr'>Quid</span> <span class='ocrx_word' id='word_1_227' title='bbox 806 3045 940 3126; x_wconf 78' lang='lat' dir='ltr'>prodest</span> <span class='ocrx_word' id='word_1_228' title='bbox 948 3043 1083 3121; x_wconf 71' lang='lat' dir='ltr'>homini,</span> <span class='ocrx_word' id='word_1_229' title='bbox 1093 3043 1126 3107; x_wconf 83' lang='lat' dir='ltr'>si</span> <span class='ocrx_word' id='word_1_230' title='bbox 1135 3043 1296 3107; x_wconf 85' lang='lat' dir='ltr'>mundum</span> <span class='ocrx_word' id='word_1_231' title='bbox 1312 3045 1502 3108; x_wconf 82' lang='lat' dir='ltr'>uniuersum</span> <span class='ocrx_word' id='word_1_232' title='bbox 1516 3043 1565 3108; x_wconf 82' lang='lat' dir='ltr'>lu-</span> 
     </span>
     <span class='ocr_line' id='line_1_29' title="bbox 294 3147 1564 3233; baseline 0 -21"><span class='ocrx_word' id='word_1_233' title='bbox 294 3148 433 3218; x_wconf 71' lang='lat' dir='ltr'>prremo</span> <span class='ocrx_word' id='word_1_234' title='bbox 458 3159 575 3226; x_wconf 84' lang='lat' dir='ltr'>cretur,</span> <span class='ocrx_word' id='word_1_235' title='bbox 586 3151 717 3212; x_wconf 82' lang='lat' dir='ltr'>animae</span> <span class='ocrx_word' id='word_1_236' title='bbox 728 3169 803 3212; x_wconf 84' lang='lat' dir='ltr'>vero</span> <span class='ocrx_word' id='word_1_237' title='bbox 817 3168 896 3212; x_wconf 89' lang='lat' dir='ltr'>suae</span> <span class='ocrx_word' id='word_1_238' title='bbox 906 3147 1137 3212; x_wconf 77' lang='lat' dir='ltr'>detrimentum</span> <span class='ocrx_word' id='word_1_239' title='bbox 1145 3147 1303 3228; x_wconf 82' lang='lat' dir='ltr'>patiatur</span> <span class='ocrx_word' id='word_1_240' title='bbox 1311 3147 1369 3231; x_wconf 86' lang='lat'>(¹)?</span> <span class='ocrx_word' id='word_1_241' title='bbox 1381 3149 1480 3213; x_wconf 90' lang='lat' dir='ltr'>Hanc</span> <span class='ocrx_word' id='word_1_242' title='bbox 1496 3151 1564 3233; x_wconf 91' lang='lat' dir='ltr'>qui·</span> 
     </span>
     <span class='ocr_line' id='line_1_30' title="bbox 281 3213 1565 3338; baseline 0.003 -26"><span class='ocrx_word' id='word_1_243' title='bbox 281 3213 432 3338; x_wconf 51' lang='lat' dir='ltr'>imisi-</span> <span class='ocrx_word' id='word_1_244' title='bbox 457 3255 536 3317; x_wconf 91' lang='lat' dir='ltr'>dem</span> <span class='ocrx_word' id='word_1_245' title='bbox 552 3255 652 3318; x_wconf 91' lang='lat' dir='ltr'>docet</span> <span class='ocrx_word' id='word_1_246' title='bbox 672 3253 826 3318; x_wconf 91' lang='lat' dir='ltr'>Christus</span> <span class='ocrx_word' id='word_1_247' title='bbox 846 3252 1013 3316; x_wconf 88' lang='lat' dir='ltr'>Dominus</span> <span class='ocrx_word' id='word_1_248' title='bbox 1028 3250 1120 3316; x_wconf 90' lang='lat' dir='ltr'>velut</span> <span class='ocrx_word' id='word_1_249' title='bbox 1136 3260 1251 3316; x_wconf 90' lang='lat' dir='ltr'>notam</span> <span class='ocrx_word' id='word_1_250' title='bbox 1272 3252 1474 3330; x_wconf 91' lang='lat' dir='ltr'>habendam,</span> <span class='ocrx_word' id='word_1_251' title='bbox 1499 3273 1565 3338; x_wconf 88' lang='lat' dir='ltr'>qua</span> 
     </span>
     <span class='ocr_line' id='line_1_31' title="bbox 280 3331 1564 3440; baseline -0.001 -20"><span class='ocrx_word' id='word_1_252' title='bbox 280 3331 384 3376; x_wconf 67' lang='lat' dir='ltr'>cuntur.</span> <span class='ocrx_word' id='word_1_253' title='bbox 458 3357 502 3420; x_wconf 90' lang='lat' dir='ltr'>ab</span> <span class='ocrx_word' id='word_1_254' title='bbox 511 3357 644 3422; x_wconf 89' lang='lat' dir='ltr'>ethnico</span> <span class='ocrx_word' id='word_1_255' title='bbox 654 3358 880 3440; x_wconf 88' lang='lat' dir='ltr'>distinguatur</span> <span class='ocrx_word' id='word_1_256' title='bbox 891 3356 995 3420; x_wconf 89' lang='lat' dir='ltr'>horno</span> <span class='ocrx_word' id='word_1_257' title='bbox 1004 3355 1326 3420; x_wconf 85' lang='lat' dir='ltr'>christianus:Haec</span> <span class='ocrx_word' id='word_1_258' title='bbox 1335 3357 1564 3438; x_wconf 80' lang='lat' dir='ltr'>omniagentes</span> 
     </span>
     <span class='ocr_line' id='line_1_32' title="bbox 458 3457 1565 3542; baseline -0.001 -21"><span class='ocrx_word' id='word_1_259' title='bbox 458 3459 671 3541; x_wconf 85' lang='lat' dir='ltr'>inquirunt...</span> <span class='ocrx_word' id='word_1_260' title='bbox 685 3460 831 3540; x_wconf 83' lang='lat' dir='ltr'>quaerite</span> <span class='ocrx_word' id='word_1_261' title='bbox 838 3459 990 3542; x_wconf 88' lang='lat' dir='ltr'>primum</span> <span class='ocrx_word' id='word_1_262' title='bbox 999 3479 1136 3541; x_wconf 83' lang='lat' dir='ltr'>regnum</span> <span class='ocrx_word' id='word_1_263' title='bbox 1150 3457 1218 3522; x_wconf 82' lang='lat' dir='ltr'>Dei</span> <span class='ocrx_word' id='word_1_264' title='bbox 1226 3467 1259 3522; x_wconf 87' lang='lat' dir='ltr'>et</span> <span class='ocrx_word' id='word_1_265' title='bbox 1269 3458 1435 3522; x_wconf 82' lang='lat' dir='ltr'>iustitiam</span> <span class='ocrx_word' id='word_1_266' title='bbox 1446 3459 1524 3536; x_wconf 79' lang='lat' dir='ltr'>eius,</span> <span class='ocrx_word' id='word_1_267' title='bbox 1535 3469 1565 3522; x_wconf 84' lang='lat' dir='ltr'>et</span> 
     </span>
     <span class='ocr_line' id='line_1_33' title="bbox 456 3551 1561 3645; baseline -0.004 -17"><span class='ocrx_word' id='word_1_268' title='bbox 456 3563 658 3628; x_wconf 80' lang='lat' dir='ltr'>haecomnia</span> <span class='ocrx_word' id='word_1_269' title='bbox 674 3561 874 3627; x_wconf 85' lang='lat' dir='ltr'>adiicientur</span> <span class='ocrx_word' id='word_1_270' title='bbox 887 3561 977 3624; x_wconf 76' lang='lat' dir='ltr'>vehes</span> <span class='ocrx_word' id='word_1_271' title='bbox 991 3559 1039 3644; x_wconf 81' lang='lat'>(²).</span> <span class='ocrx_word' id='word_1_272' title='bbox 1055 3551 1207 3643; x_wconf 87' lang='lat' dir='ltr'>Sumptis</span> <span class='ocrx_word' id='word_1_273' title='bbox 1223 3561 1325 3644; x_wconf 84' lang='lat' dir='ltr'>igitur</span> <span class='ocrx_word' id='word_1_274' title='bbox 1344 3583 1363 3624; x_wconf 93' lang='lat' dir='ltr'>a</span> <span class='ocrx_word' id='word_1_275' title='bbox 1380 3561 1456 3626; x_wconf 90' lang='lat' dir='ltr'>Deo</span> <span class='ocrx_word' id='word_1_276' title='bbox 1475 3563 1561 3645; x_wconf 92' lang='lat' dir='ltr'>prin·</span> 
     </span>
     <span class='ocr_line' id='line_1_34' title="bbox 457 3665 1562 3753; baseline -0.006 -19"><span class='ocrx_word' id='word_1_277' title='bbox 457 3669 561 3753; x_wconf 89' lang='lat' dir='ltr'>cipiis,</span> <span class='ocrx_word' id='word_1_278' title='bbox 590 3667 770 3751; x_wconf 89' lang='lat' dir='ltr'>plurimum</span> <span class='ocrx_word' id='word_1_279' title='bbox 807 3667 986 3732; x_wconf 90' lang='lat' dir='ltr'>eruditioni</span> <span class='ocrx_word' id='word_1_280' title='bbox 1018 3665 1191 3749; x_wconf 89' lang='lat' dir='ltr'>religiosae</span> <span class='ocrx_word' id='word_1_281' title='bbox 1221 3666 1389 3730; x_wconf 91' lang='lat' dir='ltr'>tribuatur</span> <span class='ocrx_word' id='word_1_282' title='bbox 1419 3667 1493 3743; x_wconf 88' lang='lat' dir='ltr'>loci,</span> <span class='ocrx_word' id='word_1_283' title='bbox 1527 3673 1562 3728; x_wconf 90' lang='lat' dir='ltr'>ut</span> 
     </span>
     <span class='ocr_line' id='line_1_35' title="bbox 280 3770 1561 3860; baseline 0.002 -28"><span class='ocrx_word' id='word_1_284' title='bbox 280 3785 431 3860; x_wconf 56' lang='lat' dir='ltr'>retemtas-</span> <span class='ocrx_word' id='word_1_285' title='bbox 457 3794 518 3839; x_wconf 88' lang='lat' dir='ltr'>sua</span> <span class='ocrx_word' id='word_1_286' title='bbox 529 3773 651 3856; x_wconf 85' lang='lat' dir='ltr'>singuli</span> <span class='ocrx_word' id='word_1_287' title='bbox 663 3771 822 3836; x_wconf 89' lang='lat' dir='ltr'>adversus</span> <span class='ocrx_word' id='word_1_288' title='bbox 839 3771 950 3834; x_wconf 90' lang='lat' dir='ltr'>Deum</span> <span class='ocrx_word' id='word_1_289' title='bbox 967 3770 1076 3834; x_wconf 88' lang='lat' dir='ltr'>officia</span> <span class='ocrx_word' id='word_1_290' title='bbox 1091 3780 1318 3852; x_wconf 86' lang='lat' dir='ltr'>cognoscant:</span> <span class='ocrx_word' id='word_1_291' title='bbox 1333 3772 1413 3852; x_wconf 92' lang='lat' dir='ltr'>quid</span> <span class='ocrx_word' id='word_1_292' title='bbox 1430 3771 1561 3835; x_wconf 90' lang='lat' dir='ltr'>credere</span> 
     </span>
     <span class='ocr_line' id='line_1_36' title="bbox 279 3850 1560 3963; baseline -0.008 -17"><span class='ocrx_word' id='word_1_293' title='bbox 279 3850 432 3954; x_wconf 53' lang='lat' dir='ltr'>maii-{i</span> <span class='ocrx_word' id='word_1_294' title='bbox 456 3887 620 3963; x_wconf 88' lang='lat' dir='ltr'>oporteat,</span> <span class='ocrx_word' id='word_1_295' title='bbox 631 3873 711 3960; x_wconf 92' lang='lat' dir='ltr'>quid</span> <span class='ocrx_word' id='word_1_296' title='bbox 727 3893 860 3958; x_wconf 90' lang='lat' dir='ltr'>sperare</span> <span class='ocrx_word' id='word_1_297' title='bbox 869 3883 971 3957; x_wconf 91' lang='lat' dir='ltr'>atque</span> <span class='ocrx_word' id='word_1_298' title='bbox 986 3895 1085 3957; x_wconf 89' lang='lat' dir='ltr'>agere</span> <span class='ocrx_word' id='word_1_299' title='bbox 1096 3875 1213 3938; x_wconf 92' lang='lat' dir='ltr'>salutis</span> <span class='ocrx_word' id='word_1_300' title='bbox 1229 3875 1454 3957; x_wconf 89' lang='lat' dir='ltr'>sempiternae</span> <span class='ocrx_word' id='word_1_301' title='bbox 1468 3893 1560 3938; x_wconf 89' lang='lat' dir='ltr'>caus·</span> 
     </span>
     <span class='ocr_line' id='line_1_37' title="bbox 280 3967 1558 4068; baseline -0.005 -22"><span class='ocrx_word' id='word_1_302' title='bbox 280 3967 431 4025; x_wconf 53' lang='lat' dir='ltr'>‘&#39;iim&#39;&#39;</span> <span class='ocrx_word' id='word_1_303' title='bbox 527 3981 631 4068; x_wconf 92' lang='lat' dir='ltr'>probe</span> <span class='ocrx_word' id='word_1_304' title='bbox 656 3981 785 4044; x_wconf 88' lang='lat' dir='ltr'>sciant:</span> <span class='ocrx_word' id='word_1_305' title='bbox 809 3997 954 4062; x_wconf 88' lang='lat' dir='ltr'>curaque</span> <span class='ocrx_word' id='word_1_306' title='bbox 980 3979 1160 4061; x_wconf 89' lang='lat' dir='ltr'>praecipua</span> <span class='ocrx_word' id='word_1_307' title='bbox 1182 3977 1340 4042; x_wconf 90' lang='lat' dir='ltr'>adversus</span> <span class='ocrx_word' id='word_1_308' title='bbox 1363 3978 1558 4060; x_wconf 89' lang='lat' dir='ltr'>opinionum</span> 
     </span>
    </p>
   </div>
   <div class='ocr_carea' id='block_1_6' title="bbox 279 4005 503 4081">
    <p class='ocr_par' dir='ltr' id='par_1_20' title="bbox 279 4005 503 4081">
     <span class='ocr_line' id='line_1_38' title="bbox 279 4005 503 4081; baseline 0.027 -12"><span class='ocrx_word' id='word_1_309' title='bbox 279 4031 319 4070; x_wconf 90' lang='lat' dir='ltr'>tus</span> <span class='ocrx_word' id='word_1_310' title='bbox 373 4027 429 4081; x_wconf 83' lang='lat' dir='ltr'>Dei,</span> <span class='ocrx_word' id='word_1_311' title='bbox 456 4005 503 4064; x_wconf 62' lang='lat'>⁵³⁹</span> 
     </span>
    </p>
   </div>
   <div class='ocr_carea' id='block_1_7' title="bbox 278 4080 1558 4272">
    <p class='ocr_par' dir='ltr' id='par_1_21' title="bbox 278 4080 1558 4272">
     <span class='ocr_line' id='line_1_39' title="bbox 278 4080 1557 4192; baseline -0.007 -40"><span class='ocrx_word' id='word_1_312' title='bbox 278 4084 374 4189; x_wconf 52' lang='lat' dir='ltr'>mm</span> <span class='ocrx_word' id='word_1_313' title='bbox 386 4089 431 4192; x_wconf 55' lang='lat' dir='ltr'>ff·</span> <span class='ocrx_word' id='word_1_314' title='bbox 456 4109 582 4155; x_wconf 88' lang='lat' dir='ltr'>errores</span> <span class='ocrx_word' id='word_1_315' title='bbox 604 4086 779 4168; x_wconf 87' lang='lat' dir='ltr'>variasque</span> <span class='ocrx_word' id='word_1_316' title='bbox 802 4083 1007 4166; x_wconf 91' lang='lat' dir='ltr'>corruptelas</span> <span class='ocrx_word' id='word_1_317' title='bbox 1034 4084 1236 4147; x_wconf 90' lang='lat' dir='ltr'>muniantur.</span> <span class='ocrx_word' id='word_1_318' title='bbox 1261 4082 1320 4146; x_wconf 88' lang='lat' dir='ltr'>Ad</span> <span class='ocrx_word' id='word_1_319' title='bbox 1345 4081 1410 4145; x_wconf 91' lang='lat' dir='ltr'>Dei</span> <span class='ocrx_word' id='word_1_320' title='bbox 1433 4080 1557 4146; x_wconf 89' lang='lat' dir='ltr'>cultum</span> 
     </span>
     <span class='ocr_line' id='line_1_40' title="bbox 278 4160 1558 4272; baseline 0 -24"><span class='ocrx_word' id='word_1_321' title='bbox 278 4160 377 4258; x_wconf 47' lang='grc' dir='ltr'>παῖζ’</span> <span class='ocrx_word' id='word_1_322' title='bbox 394 4161 431 4251; x_wconf 49' lang='lat' dir='ltr'>si:</span> <span class='ocrx_word' id='word_1_323' title='bbox 456 4195 671 4272; x_wconf 87' lang='lat' dir='ltr'>studiumque</span> <span class='ocrx_word' id='word_1_324' title='bbox 687 4189 820 4271; x_wconf 91' lang='lat' dir='ltr'>pietatis</span> <span class='ocrx_word' id='word_1_325' title='bbox 836 4188 1002 4252; x_wconf 88' lang='lat' dir='ltr'>excitetur</span> <span class='ocrx_word' id='word_1_326' title='bbox 1017 4187 1141 4268; x_wconf 81' lang='lat' dir='ltr'>opifex,</span> <span class='ocrx_word' id='word_1_327' title='bbox 1154 4186 1353 4250; x_wconf 89' lang='lat' dir='ltr'>nominatim</span> <span class='ocrx_word' id='word_1_328' title='bbox 1369 4186 1412 4250; x_wconf 88' lang='lat' dir='ltr'>ad</span> <span class='ocrx_word' id='word_1_329' title='bbox 1429 4185 1558 4267; x_wconf 87' lang='lat' dir='ltr'>religio·</span> 
     </span>
    </p>
   </div>
   <div class='ocr_carea' id='block_1_8' title="bbox 0 0 1682 4936">
    <p class='ocr_par' dir='ltr' id='par_1_22' title="bbox 0 0 1682 4936">
     <span class='ocr_line' id='line_1_41' title="bbox 0 0 1682 4936; baseline 0 0"><span class='ocrx_word' id='word_1_330' title='bbox 0 0 1682 4936; x_wconf 95' lang='lat' dir='ltr'> </span> 
     </span>
    </p>
   </div>
  </div>
 </body>
</html>
