3364 4928
215 322 294 386 Qun
311 319 552 372 VINDICATUR
569 317 791 371 CONVENTIO
808 320 889 372 CUM
908 319 1051 372 ANGLIA
1070 320 1188 371 INITA.
1232 303 1280 391 69

169 497 317 561 rioribus
333 496 430 561 rebus
446 503 591 560 utantur.
606 531 652 544 -
675 494 724 558 At
748 515 817 578 quo
833 494 1015 578 impensius
1030 514 1088 558 eos
1109 493 1281 578 diligimus
1337 511 1445 606 ΛΞΜ.

168 619 215 663 eo
229 599 386 664 dolemus
400 599 552 663 acerbius
567 599 649 663 dum
665 609 815 662 versatur
826 599 872 662 ob
882 597 998 663 oculos
1013 600 1127 682 imago
1136 598 1281 664 hominis
1352 609 1418 667 189⁰·

168 704 309 782 inimici,
334 706 392 788 qui
412 705 573 788 pietatem
590 702 624 768 in
640 703 785 786 patriam
812 713 1015 786 praetexens
1035 705 1281 786 superseminat
1331 718 1369 763 Eo
1381 717 1459 776 magis

168 811 302 876 zizania
317 811 431 876 tritico
446 809 639 889 rectissimo,
664 809 887 876 diffidentiam
912 811 1050 890 exertat,
1075 811 1215 879 arssrna
1230 835 1281 880 se·
1305 777 1458 883 :littra

168 916 225 993 rit,
240 916 406 993 laetorum
432 915 606 980 veritatem
636 914 805 998 pervertit,
831 923 922 980 recta
944 911 1118 980 hominum
1142 919 1282 985 consilia
1306 895 1384 1002 222¹,ss
1398 895 1459 941 ’Μ’

170 1018 261 1084 male
286 1019 493 1102 explicando
518 1018 698 1102 detorquet
722 1019 756 1084 in
783 1019 913 1084 laevam
946 1029 1087 1104 partem,
1111 1031 1212 1104 atque
1233 1023 1283 1088 ita

170 1123 347 1208 legitimae
362 1122 556 1189 auctoritati
570 1122 741 1187 Ecclesiae
752 1143 818 1188 non
835 1123 938 1189 modo
953 1122 1105 1189 debitum
1118 1124 1284 1192 detrectat

171 1226 387 1310 obsequium,
419 1226 477 1291 sed
510 1227 612 1290 etiam
645 1226 800 1292 iniuriam
833 1225 942 1305 insert,
967 1227 1155 1311 avertitque
1177 1228 1221 1293 ab
1243 1247 1284 1292 ea

174 1329 326 1396 fidelium
350 1331 482 1396 animos
497 1329 588 1394 avita
602 1329 729 1412 pietate
752 1329 1008 1397 addictissimus.
1023 1369 1067 1380 -
1083 1330 1186 1396 Porro
1200 1331 1284 1396 haec

172 1435 218 1500 de
239 1454 309 1519 qua
331 1433 501 1518 querimur
524 1432 692 1498 calumnia
714 1442 749 1498 et
772 1431 862 1498 l'raus
884 1433 1010 1498 inimici
1033 1432 1180 1498 hominis
1202 1435 1283 1499 satis

174 1537 209 1602 in
240 1538 357 1622 aprico
389 1537 453 1602 erit
484 1535 511 1601 si
545 1535 665 1601 sedato
698 1537 814 1601 animo
844 1537 1042 1622 respiciatur
1067 1557 1282 1602 romanorum

175 1641 378 1707 Pontificum
410 1641 444 1704 in
478 1640 578 1704 rebus
611 1639 752 1723 agendis
785 1642 1003 1719 consuetudo,
1026 1660 1134 1725 eaque
1156 1659 1283 1724 expen-

174 1747 300 1812 dantur
313 1766 402 1829 quae
417 1763 524 1828 nuper
545 1745 589 1809 de
615 1743 848 1809 Melitensibus
873 1745 1016 1829 negotiis
1040 1745 1127 1810 inter
1155 1743 1227 1808 Nos
1249 1755 1284 1810 et

176 1850 323 1934 Regium
351 1848 551 1934 gubemium
579 1846 810 1912 Britannicum
837 1865 1031 1914 convenere.
1053 1849 1213 1914 Testatur
1233 1848 1283 1912 hi·

173 1955 278 2020 storia
303 1953 464 2020 Sanctam
489 1951 576 2017 hanc
604 1951 728 2019 Sedem
754 1952 786 2016 in
812 1953 971 2036 parandis
994 1963 1097 2036 atque
1128 1951 1282 2017 ineundis
1352 1951 1461 2021 quant

173 2057 454 2122 conventionibus
470 2075 547 2122 cum
563 2055 651 2121 civili
667 2064 835 2140 potestate
843 2055 970 2139 jugiter
978 2055 1178 2141 populorum
1190 2076 1282 2124 com·
1307 2011 1460 2116 lllnfislll'a

174 2163 284 2227 modis
304 2171 339 2226 et
355 2161 540 2226 rationibus
555 2160 733 2240 studuisse,
747 2181 816 2244 quo
831 2160 956 2226 lactum
984 2170 1035 2226 est
1059 2171 1096 2226 ut
1123 2181 1225 2245 saepe
1247 2162 1281 2226 in
1302 2128 1459 2247 {illim

172 2265 377 2331 offensiones
414 2266 603 2343 incurreret,
639 2264 828 2330 simultates
865 2265 1058 2348 susciperet,
1087 2266 1282 2330 discrimina
1306 2253 1460 2307 “mmm

1306 2312 1436 2358 cummnl.

173 2369 291 2448 obiret,
321 2368 390 2433 irae
420 2370 608 2450 potentium
636 2367 730 2433 lieret
756 2368 914 2434 obnoxia.
947 2369 1049 2434 Porro
1075 2369 1207 2453 quoties
1237 2369 1280 2434 de
1304 2365 1456 2485 {5512}ss

175 2474 273 2538 rebus
288 2473 399 2556 agitur
413 2493 501 2555 quae
517 2474 560 2537 ad
587 2473 783 2558 religionem
808 2473 987 2556 pertinent,
1013 2493 1165 2557 quarum,
1187 2491 1280 2537 man·
1306 2484 1353 2554 sib·
1399 2498 1459 2532 com·

172 2577 276 2643 dante
303 2576 389 2655 Deo,
410 2576 550 2641 tutelam
575 2577 661 2658 gerit
685 2597 765 2660 prae
788 2576 905 2660 primis
931 2587 965 2641 et
990 2576 1113 2642 iudicia
1137 2587 1281 2657 exercet,
1307 2557 1412 2589 'mm'

173 2681 267 2746 nulla
296 2681 483 2765 cupiditate
507 2693 566 2745 aut
596 2681 709 2744 studio
739 2698 849 2744 rerum
876 2680 1099 2746 humanarum
1124 2681 1280 2747 obscura·

173 2794 244 2850 tam
263 2794 413 2850 mentem
428 2785 471 2849 ad
489 2803 547 2849 eas
569 2783 714 2850 advertit
741 2783 891 2869 illudque
917 2792 1049 2867 spectat
1074 2785 1172 2852 unice
1189 2790 1279 2871 quod

173 2888 281 2972 gloria
313 2887 379 2954 Dei
410 2887 559 2972 postulet
588 2896 623 2952 et
652 2887 839 2952 animarum
867 2887 966 2966 salus,
989 2889 1148 2975 quodque
1173 2891 1281 2976 magis

172 2995 217 3060 ad
232 2993 360 3058 bonum
376 2991 557 3075 publicum,
572 2991 615 3056 ad
632 2990 783 3075 gentium
800 3011 917 3074 pacem
942 3001 977 3057 et
1003 2993 1279 3078 tranquillitatem

173 3096 345 3181 expediat
376 3095 508 3162 Eodem
549 3103 584 3160 et
616 3095 687 3160 Nos
724 3094 950 3178 spectavimus
985 3096 1018 3160 in
1056 3099 1281 3162 conventione
1317 3104 1457 3150 erumna·

173 3201 322 3266 ineunda
338 3220 416 3266 cum
434 3199 628 3266 Britannico
643 3199 815 3284 gubernio,
829 3218 897 3284 qua
912 3198 995 3263 nihil
1011 3202 1209 3286 derogatum
1229 3213 1280 3267 est
1304 3178 1359 3269 2⁸22
1373 3171 1459 3294 ,Ὓηῖ

174 3307 218 3372 de
241 3304 415 3371 Ecclesiae
438 3303 565 3370 iuribus
588 3313 623 3370 ct
647 3303 810 3382 libertate,
833 3304 904 3369 imo
927 3323 968 3368 ea
994 3301 1120 3370 lirmius
1146 3305 1281 3372 adserta
1305 3287 1457 3388 222⁸?ssss

174 3419 255 3476 sunt
270 3418 304 3474 et
319 3407 514 3473 constituta.
531 3407 724 3472 Dumtaxat
738 3408 906 3490 quaedam
922 3406 1166 3472 ecclesiasticae
1181 3410 1280 3475 disci·
1306 3404 1366 3506 2⁰22
1377 3401 1457 3505 “222

174 3510 288 3596 plinae
312 3510 434 3595 capita,
459 3529 520 3574 usu
546 3509 613 3574 iam
651 3519 792 3593 recepta,
818 3509 1006 3574 accuratius
1029 3508 1167 3575 definita
1193 3524 1281 3593 sunt,
1305 3475 1458 3565 ciumyrwe

175 3613 350 3696 utriusque
359 3629 537 3694 supremae
548 3610 725 3696 potestatis
736 3631 910 3688 consensu,
922 3612 1020 3677 huius
1030 3611 1196 3694 pactionis
1206 3635 1281 3694 ope.
1304 3583 1351 3625 ω’

177 3716 334 3780 Iamvero
349 3715 431 3779 dum
447 3713 531 3780 haec
547 3724 685 3799 agentes
699 3734 741 3779 ea
754 3735 890 3798 quoque
905 3735 1095 3780 curaremus
1110 3736 1197 3800 quae
1207 3716 1281 3781 usui

175 3827 211 3882 et
226 3818 339 3882 decori
355 3828 451 3884 erant
468 3818 578 3884 lutura
593 3817 745 3902 ephebeo
769 3817 995 3882 ecclesiastico
1021 3817 1200 3895 Melitensi,
1224 3819 1281 3882 ubi

176 3917 397 3988 instituuntur
428 3919 600 3991 Ecclesiae
629 3919 829 3996 administri,
859 3939 945 4004 quos
975 3921 1082 3985 lucem
1115 3919 1232 3985 mundi
1248 3933 1282 3987 et

175 4021 281 4087 salem
298 4031 407 4088 terrae
422 4043 495 4089 esse
526 4009 619 4088 iub'et
642 4024 759 4088 divina
773 4024 915 4102 vocatio,
931 4023 1004 4090 Nos
1019 4025 1199 4108 praeterire
1214 4045 1280 4089 non

176 4135 311 4210 poterat
326 4127 407 4210 quid
425 4127 498 4212 ipsa
517 4139 671 4214 posceret
687 4137 807 4193 natura
822 4128 895 4206 loci,
921 4149 1007 4212 quae
1032 4130 1159 4195 incolas
1184 4130 1282 4195 simul

176 4229 350 4295 consociat
366 4229 561 4296 Melitenses
576 4240 611 4295 et
623 4230 765 4314 Anglos.
782 4229 917 4296 Scilicet
932 4250 951 4294 e
978 4251 1013 4296 re
1041 4230 1149 4296 Nobis
1174 4232 1282 4298 visum

177 4342 232 4397 est
246 4352 363 4396 curare
378 4341 416 4397 ut
431 4333 594 4418 ampliore
608 4334 804 4416 aptioreque
819 4331 949 4397 cultura
963 4333 1091 4398 alumni
1107 4334 1284 4418 expolian-
