3354 4938
337 295 389 346 DE
405 295 597 346 VATICANA
615 293 780 347 SPECULA
801 293 1082 349 ASTRONOMICA.
1193 276 1261 362 167

157 490 217 536 suo
229 472 411 554 cogitatam
429 470 566 554 perfecit
579 471 633 536 ille
650 471 797 549 feliciter,
810 471 898 536 datis
915 471 1033 538 litteris
1054 470 1264 554 Apostolicis
1303 527 1427 569 mm

157 593 298 657 quarum
325 576 477 642 initium:
508 575 638 656 ‹de
653 576 771 640 divina
800 575 1001 659 sapientia).
1027 576 1080 641 Ibi
1102 573 1264 640 nonnulla
1333 578 1400 636 1891

157 680 302 762 graviter
312 681 487 746 constituit
502 681 545 746 de
559 680 703 764 speculis
712 680 954 758 astronomicis,
965 679 1009 746 de
1023 677 1264 746 observationi·
1315 687 1423 734 Indeali
1412 702 1444 734 ω

158 783 219 847 bus
230 784 365 848 assidue
375 783 586 866 perageudrs
597 783 640 848 de
652 784 1094 868 scriptioneephemerrdum
1106 802 1263 867 quaeest
1289 749 1371 851 ‘52:⁸⁸
1402 761 1443 852 ἐξ

158 887 288 968 plorata
296 887 455 952 referrent
456 887 586 971 deque
597 889 710 955 studro
723 888 925 965 adhibendo,
936 898 973 953 ut
988 907 1075 971 quae
1084 888 1128 953 ab
1138 885 1264 952 extens
1289 869 1444 970 2222?pr

157 989 290 1056 detecta
305 989 414 1057 forent
434 991 640 1056 nostratibus
661 992 916 1057 innotescerent.
933 989 970 1056 Si
986 990 1154 1056 Vaticana
1164 989 1263 1055 turns
1285 983 1339 1100 ἕξ
1323 997 1412 1088 ’ξω
1405 989 1443 1088 ¹2¹}

157 1093 351 1175 posthabita
365 1104 416 1160 est
443 1115 548 1179 quum
563 1096 675 1161 aliae'
665 1114 699 1160 rn
716 1095 812 1162 Urbe
836 1095 1017 1159 instructae
1039 1102 1316 1178 suppeterent,
1290 1101 1316 1145 la
1318 1105 1339 1146 te
1388 1115 1444 1160 ro·

157 1197 188 1262 id
204 1219 250 1263 ex
268 1220 309 1264 eo
323 1199 511 1282 profectum
527 1201 659 1266 videtur
660 1201 771 1284 ,quod
787 1199 845 1284 qul
858 1209 938 1264 tuuc
949 1219 1060 1264 rerum
1072 1199 1266 1264 huiusmodi
1285 1173 1407 1279 parma
1408 1175 1419 1206 ³

156 1303 277 1383 peritia
313 1303 539 1386 praestabant,
567 1304 647 1368 huic
676 1303 759 1369 turri
789 1303 908 1368 obesse
935 1311 1110 1368 censerent
1139 1301 1266 1366 vicinas

155 1406 264 1484 aedes,
287 1407 504 1492 maximeque
518 1409 690 1474 obiectum
707 1407 791 1473 tholi
807 1406 970 1490 praecelsi
987 1426 1044 1490 qur
1036 1406 1265 1472 Vaticanum

154 1511 319 1594 templum
334 1520 482 1578 coronat.
509 1512 600 1576 Hinc
617 1512 695 1576 illae
710 1511 858 1595 potiores
884 1510 1040 1593 speculae
1065 1509 1266 1576 videbantur

154 1631 239 1696 quae
255 1614 386 1680 caelum
402 1635 447 1679 cx
474 1614 548 1680 aliis
564 1616 665 1680 editis
693 1616 774 1680 locis
800 1615 1095 1697 circumspectant.
1109 1649 1153 1664 -
1169 1613 1264 1678 Post·

154 1735 253 1798 quam
271 1717 485 1783 veroealoca
498 1737 576 1784 cum
594 1717 721 1802 reliqua
739 1717 883 1784 Urbem
899 1717 1044 1782 alienam
1060 1724 1263 1800 potestatem
1289 1679 1384 1784 ,5¹²³ss
1403 1681 1443 1786 ξιξ.

155 1819 327 1900 devenere,
342 1822 520 1904 agentibus
537 1822 647 1887 Nobis
663 1821 979 1907 quinquagesimum
995 1821 1141 1904 primum
1157 1840 1265 1886 sacer·
1289 1803 1429 1905 ,fium-
1442 1825 1444 1830 ’

154 1923 234 1988 dotii
251 1923 372 1990 Nostri
387 1925 534 1992 natalem
545 1926 634 1992 diem
638 1925 753 2009 ,plura
763 1945 840 1990 cum
856 1925 930 1990 aliis
943 1924 1135 1990 muneribus
1150 1925 1229 1990 obla
1282 1931 1440 2035 Wgffm
1388 1918 1441 1964 ’Μ

155 2038 230 2094 sunt
253 2028 480 2096 instrumenta
504 2028 633 2096 affabre
662 2029 761 2109 iacta,
788 2049 875 2114 quae
899 2029 1083 2094 cultoribus
1108 2029 1264 2114 physices
1287 2035 1381 2081 ceros
1383 1991 1429 2082 ἐἷα

155 2133 316 2210 caelestis,
342 2134 453 2202 aeriae
467 2143 502 2200 et
524 2134 691 2200 terrestris
715 2135 790 2198 usui
806 2143 901 2214 sunt;
927 2132 1020 2217 atqui
1045 2133 1171 2199 nullum
1198 2133 1262 2199 illis
1288 2097 1439 2208 mm

156 2239 318 2321 aptiorem
333 2240 450 2304 sedem
465 2239 567 2304 tribui
583 2259 684 2322 posse
699 2237 760 2302 virr
752 2237 937 2322 'physicae
960 2238 1119 2303 scientiae
1132 2237 1262 2320 peritis·

154 2341 227 2406 simi
242 2350 447 2426 putaverunt
459 2361 540 2425 prae
555 2361 596 2406 ea
616 2360 718 2424 quam
737 2340 919 2424 Gregorius
935 2338 1066 2405 XIII''
1044 2357 1084 2404 ns
1099 2337 1261 2422 quodam-

155 2446 254 2510 modo
280 2444 450 2528 paravisse
484 2443 518 2508 in
548 2444 718 2510 Vaticana
740 2443 823 2510 turri
855 2442 1042 2508 videbatur.
1069 2440 1191 2526 Quum
1222 2459 1262 2506 ea

154 2549 319 2614 sententia
330 2547 440 2614 Nobis
455 2547 598 2631 probata
614 2556 702 2613 esset
711 2570 720 2628 ;
734 2545 809 2632 ipsa
836 2547 980 2612 aedificii
996 2556 1124 2623 natura,
1139 2543 1261 2611 veteris

153 2649 321 2732 gloriae
291 2671 363 2718 erus
378 2651 549 2731 memoria,
558 2662 595 2717 et
608 2651 749 2716 collecta
764 2651 927 2734 supellex,
940 2670 1007 2717 non
1023 2669 1119 2715 secus
1130 2668 1170 2714 ac
1180 2655 1260 2712 vota

153 2756 295 2822 virorum
312 2757 490 2840 prudentia
506 2764 539 2822 et
555 2757 709 2822 doctrina
725 2755 982 2840 praestantium,
991 2754 1100 2820 Nobis
1116 2767 1259 2830 suasere,
1283 2775 1313 2806 ac
1361 2760 1436 2820 prosu

154 2869 188 2924 ut
213 2861 404 2927 iuberemus
437 2879 512 2925 eam
537 2860 707 2943 speculam
743 2859 883 2938 restitui,
913 2859 1078 2941 rebusque
1101 2855 1258 2920 omnibus
1284 2820 1376 2926 ‘viil'
1359 2895 1433 2927 anam

154 2963 259 3028 omari
287 2972 322 3029 et
338 2963 466 3040 instrui,
486 2982 546 3046 per
571 2982 659 3046 quae
675 2982 743 3028 non
770 2963 873 3028 modo
888 2961 1114 3027 astronomiae
1137 2957 1258 3024 studiis
1283 2938 1435 3068 ssimg'ffl,

153 3075 238 3132 esset
252 3067 436 3153 profutura,
449 3068 509 3132 sed
530 3067 633 3132 etiam
649 3066 988 3151 pervestigationibus
1010 3063 1170 3147 physicae
1192 3070 1258 3126 ter·
1282 3071 1369 3103 oman

154 3171 271 3249 restris,
286 3179 322 3235 et
347 3170 586 3253 pernoscendis
602 3170 844 3252 phaenomenis
863 3189 950 3251 quac
966 3169 999 3232 in
1016 3168 1105 3231 aeria
1120 3166 1258 3250 regione

152 3273 471 3358 confinguntQuod
481 3293 582 3358 porro
597 3273 810 3357 amplitudini
822 3282 1019 3358 prospectus
1034 3273 1150 3337 deesse
1165 3269 1257 3334 vide·

152 3375 256 3456 batur,
272 3386 310 3443 ut
319 3396 571 3462 quoquoversus
581 3388 711 3462 pateret
725 3377 887 3441 latissime
898 3377 942 3442 ad
954 3377 1065 3441 sidera
1074 3392 1258 3457 corumque

153 3490 261 3548 motus
272 3482 510 3565 explorandos,
519 3483 554 3547 id
565 3481 743 3546 commode
753 3481 921 3564 praestitit
933 3480 1087 3545 vicinitas
1096 3475 1259 3543 Lamiani

44 3643 45 3646 ,
146 3585 381 3672 propugnandi
393 3587 496 3651 veteri
512 3586 684 3651 soliditate
699 3585 831 3664 nobilis,
847 3585 940 3649 cuius
955 3583 1055 3648 turris
1070 3583 1255 3648 editissima

150 3685 182 3750 in
197 3691 320 3754 vertice
330 3687 425 3755 collis
441 3689 585 3754 vaticani
602 3707 779 3772 assurgens
796 3689 964 3753 maximas
980 3686 1119 3770 praebet
1133 3704 1254 3768 oppor-

150 3793 320 3874 tunitates,
347 3801 386 3859 ut
408 3793 488 3858 iude
512 3804 677 3859 astrorum
705 3793 897 3859 observatio
930 3791 1127 3878 plenissima
1151 3791 1195 3856 sit
1220 3799 1254 3856 ct

150 3899 293 3964 numeris
308 3896 467 3964 omnibus
482 3898 646 3966 absoluta.
665 3899 765 3964 Hanc
781 3900 895 3982 itaque
910 3897 1107 3964 adiutricem
1124 3895 1254 3961 addidi·
1278 3916 1394 3976 assumta

150 4015 222 4064 mus
238 3998 465 4083 Gregorianae
492 4001 655 4083 speculae,
671 4021 779 4086 eoque
805 4000 962 4066 deferri
952 4001 1108 4066 iussimus
1134 3999 1254 4081 ingens
1278 3977 1430 4094 Quod?

149 4101 275 4183 optices
299 4103 558 4169 instrumentum
575 4106 665 4187 quod
682 4103 902 4187 aequatoriale
922 4103 1047 4181 dicunt,
1072 4103 1115 4166 ad
1132 4102 1252 4185 photo·
1280 4093 1402 4141 [sonum.

150 4206 324 4289 graphicas
349 4207 536 4272 siderum
527 4208 691 4292 imagines
706 4208 926 4293 excipiendas
953 4215 1195 4289 comparatum.
1210 4241 1254 4254 —

150 4306 208 4371 Ad
223 4307 305 4374 haec
318 4331 440 4393 gnaros
457 4310 675 4395 sollertesque
690 4313 778 4376 viros
796 4310 975 4394 selegimus
996 4328 1137 4394 quorum
1155 4305 1252 4374 mini·
