3352 4926
409 248 481 335 296
760 259 883 311 ruuex
908 258 1155 311 instructis.

1458 406 1512 458 Pas.

473 485 599 540 serviens
612 483 756 554 duplicem
769 493 867 540 notam
877 484 1019 540 continet:
1033 482 1120 538 aliam
1129 481 1354 550 personalitatis,
1361 481 1441 552 juxta

472 579 559 635 quarn
571 563 666 632 opifex
684 573 779 633 potest
792 563 881 620 libere
898 563 934 618 de
946 562 1111 632 augustiore
1124 564 1258 618 mercede
1270 565 1422 619 convenire
1433 584 1440 628 ;

472 642 558 698 aliam
580 645 760 710 necessitatis,
771 643 851 712 juxta
868 659 955 713 quam
967 642 1030 711 lege
1042 651 1151 696 naturae
1171 644 1252 698 labor
1264 642 1363 714 nequit
1375 659 1440 699 esse

472 723 666 777 sustentandae
691 721 757 776 vitae
778 723 872 792 impar
896 735 1018 790 199·200.
1040 749 1076 760 -
1096 720 1200 775 Nullus
1222 729 1266 777 est
1290 721 1440 778 habendus

473 809 635 856 contractus
650 801 678 855 in
695 818 752 872 quo
765 801 827 856 haec
839 801 884 856 lex
896 801 1019 856 violatur
1032 814 1093 854 200.
1106 829 1142 840 -
1155 800 1264 856 Caveat
1276 809 1373 856 tamen
1390 817 1439 872 po-

472 889 561 936 testas
569 880 684 950 publica
696 897 732 935 ne
745 880 934 952 importunius
952 895 1016 935 sese
1028 877 1058 933 in
1070 879 1133 934 baec
1143 879 1245 935 inierat
1256 899 1264 946 ς
1277 895 1341 951 quae
1351 880 1439 935 satius

473 960 593 1031 privatis
606 960 734 1029 collegiis
747 960 875 1016 curanda
887 959 1081 1029 relinquentur
1089 971 1150 1012 200.
1164 987 1198 998 -
1210 958 1244 1027 δ’)
1257 959 1440 1014 Procurando

472 1051 501 1094 ut
511 1039 635 1109 opifices,
649 1039 833 1109 parcimoniae
846 1039 1000 1100 studentes.
1014 1038 1056 1092 ad
1064 1037 1205 1091 modim
1217 1053 1329 1092 censum
1336 1041 1437 1108 perve-

470 1117 556 1171 niant
567 1132 626 1172 zor.
640 1147 675 1158 —-
688 1119 732 1172 Ex
750 1135 807 1190 quo
819 1119 900 1189 plura
913 1118 989 1172 bona
1001 1127 1172 1188 sequentur:
1193 1116 1233 1183 α”)
1246 1117 1355 1188 aequior
1374 1133 1451 1188 par·-

470 1195 531 1250 titio
544 1196 684 1250 bonorum
696 1208 725 1251 et
738 1197 858 1267 proinde
871 1197 1051 1252 imminutum
1070 1195 1224 1250 discrimen
1237 1196 1310 1251 inter
1330 1207 1436 1252 utrum·

469 1290 525 1344 que
536 1275 667 1329 ordinem
678 1294 685 1340 ;
700 1273 740 1344 β’)
753 1275 844 1344 major
861 1275 1038 1331 abundantia
1050 1291 1152 1342 rerum,
1165 1291 1238 1344 quas
1250 1283 1326 1330 terra
1337 1273 1435 1345 gignit,

469 1353 614 1422 duplicata
627 1354 780 1410 voluntatis
790 1356 937 1426 alacritate
948 1355 1006 1426 ;γ”)
1024 1354 1134 1412 civibus
1147 1351 1267 1409 facultas
1281 1354 1393 1410 felicem
1406 1353 1434 1408 in

470 1433 561 1504 patria
574 1431 696 1488 ducendi
717 1433 806 1488 vitam
819 1449 880 1489 201.
893 1465 928 1474 -
940 1436 986 1490 Ad
1000 1436 1063 1490 haec
1084 1433 1242 1488 obtinenda
1263 1433 1376 1490 modica
1397 1433 1434 1488 sit

468 1513 622 1569 auctoritas
635 1511 749 1583 publica
762 1514 791 1568 in
805 1513 964 1568 statuendis
976 1513 1088 1568 tributis
1098 1527 1158 1566 201.

504 1584 540 1652 sl
556 1586 642 1656 Qun)
653 1596 688 1636 in
697 1595 760 1638 nic
770 1595 949 1640 rrrossrur
957 1595 1076 1640 0οιιιιιι
1087 1595 1126 1637 ar
1135 1593 1283 1638 murreus.
1295 1584 1435 1639 Institutis

468 1663 553 1718 variis
563 1663 682 1718 multum
689 1673 818 1733 possunt,
828 1665 880 1718 sed
890 1663 1057 1734 praesertim,
1070 1671 1100 1716 ut
1113 1660 1198 1718 docet
1210 1661 1337 1730 historia,
1351 1663 1435 1717 soda-

468 1743 536 1797 litiis
546 1741 688 1811 opificum,
699 1743 833 1812 praesenti
842 1742 963 1812 tempori
972 1739 1205 1810 accommodatis,
1213 1740 1273 1796 sive
1281 1757 1315 1796 ex
1325 1758 1381 1796 uno
1391 1757 1434 1796 or-

467 1821 543 1889 dine,
552 1821 611 1875 sive
624 1837 658 1876 ex
671 1831 791 1890 utroque
803 1821 933 1876 conflatis
948 1835 1007 1876 202.
1020 1847 1057 1858 -
1076 1820 1148 1873 Haec
1167 1819 1300 1876 sodalitia
1321 1827 1348 1874 1⁰
1365 1819 1432 1891 legs·-

467 1901 540 1952 tima
558 1899 864 1955 suntFundamentum
878 1899 985 1954 habent
994 1901 1041 1970 jus
1053 1903 1181 1957 naturale
1194 1898 1314 1956 coeundi
1328 1899 1364 1952 ad
1373 1915 1433 1952 mu·

467 1987 546 2032 tuum
559 1979 689 2034 levamen
703 1993 764 2033 202.
776 2007 812 2018 -
828 1979 900 2041 Sunt
914 1995 989 2034 verae
1001 1979 1162 2049 societates,
1173 1979 1239 2034 licet
1252 1977 1432 2048 imperiectae,

467 2057 630 2113 differentes
644 2075 661 2114 a
685 2057 831 2128 republica
843 2074 877 2112 ex
891 2057 947 2113 fine
959 2057 1087 2128 proximo
1107 2073 1167 2128 203.
1181 2087 1216 2098 -
1234 2058 1318 2112 Proin
1331 2056 1433 2111 civitas

467 2136 676 2207 nequitviolare
681 2136 729 2208 jus
737 2135 858 2192 coeundi
869 2153 887 2190 a
896 2153 953 2206 quo
966 2146 994 2192 et
1004 2137 1068 2207 ipsa
1077 2149 1120 2194 est
1129 2137 1263 2202 orta;oisi
1274 2135 1432 2194 institutum

467 2233 532 2271 cum
543 2215 662 2286 justitia,
675 2232 739 2271 curn
748 2217 891 2286 aequitate,
904 2231 969 2270 cum
980 2217 1079 2272 ordine
1094 2217 1209 2288 publico
1222 2215 1432 2287 pugnet-Sed

466 2305 494 2350 et
505 2307 572 2350 tunc
581 2305 664 2350 caute
672 2295 906 2365 proscribendum
916 2296 1094 2362 203.-1nter
1101 2297 1162 2351 haec
1171 2296 1301 2351 instituta
1310 2295 1431 2365 primum

466 2375 560 2428 locum
573 2383 671 2430 tenent
682 2375 796 2430 ordines
810 2373 943 2443 religiosi,
952 2375 1028 2428 bono
1041 2375 1185 2430 communi
1199 2375 1341 2446 perutiles,
1350 2389 1429 2444 quos,

465 2463 494 2508 ut
508 2452 632 2521 religiosi
646 2463 720 2522 sunt,
733 2454 771 2508 ad
785 2453 945 2508 Ecclesiam
966 2465 1137 2525 spectantes,
1151 2465 1181 2510 ut
1201 2453 1335 2509 sodalitia
1356 2463 1429 2519 suot,

465 2547 482 2585 a
497 2531 609 2598 publica
622 2542 765 2602 potestate
777 2549 891 2603 aequum
899 2542 943 2588 est
957 2533 1082 2602 gaudere
1095 2535 1226 2590 libertate
1236 2548 1358 2600 summa,
1367 2533 1430 2602 jure

466 2627 596 2679 personae
608 2611 724 2666 moralis
736 2628 771 2667 ac
780 2613 900 2667 fortunis
914 2627 979 2666 vere
993 2614 1053 2668 suis
1066 2627 1126 2679 204.
1141 2643 1175 2653 -
1186 2613 1348 2668 Damnatur
1360 2611 1428 2666 abu-

465 2706 513 2744 sus
527 2689 692 2758 contrarius,
705 2699 735 2744 ut
747 2691 898 2760 dupliciter
911 2691 1031 2761 injustus
1045 2708 1104 2760 204.
1115 2723 1150 2732 -
1172 2699 1200 2746 2ο
1212 2692 1430 2762 Peropportune

465 2778 530 2823 sunt
543 2768 605 2823 baec
618 2769 751 2824 sodalitia
771 2769 913 2825 catholica
931 2785 992 2837 204.
1005 2799 1040 2810 --
1053 2773 1149 2842 Quum
1167 2771 1244 2825 enim
1262 2769 1324 2840 jam
1342 2769 1431 2824 multa

464 2846 547 2916 hujus
557 2846 669 2916 generis
680 2864 737 2903 non
747 2849 903 2905 christiano
914 2851 1031 2918 nomini,
1042 2868 1099 2905 non
1112 2851 1195 2906 saluti
1207 2849 1353 2906 civitatum
1363 2863 1431 2903 con·

463 2934 600 2982 sentanea
630 2926 761 2998 existant,
783 2928 900 2999 opifices
922 2929 1078 3000 christiani,
1101 2949 1118 2986 a
1141 2930 1267 3000 periculo
1288 2927 1428 2984 liberandi

462 3015 527 3060 sunt
541 3005 614 3060 inter
626 3023 657 3061 se
679 3008 808 3062 coeundo
830 3022 955 3079 204205.
968 3039 1004 3050 —-
1020 3011 1090 3065 lnde
1110 3009 1246 3064 laudandi
1266 3008 1358 3076 valde,
1378 3007 1427 3078 qui

376 3105 379 3110 ·
462 3083 499 3138 ad
511 3084 629 3139 meliora
642 3087 758 3156 opifices
771 3087 907 3143 reducere
922 3099 1069 3158 conantur,
1081 3104 1201 3160 quorum
1215 3087 1318 3158 scdpus
1332 3101 1427 3157 persa·

462 3163 560 3218 lutaris
572 3183 579 3228 ;
592 3164 727 3221 laudandi
741 3165 774 3236 a)
786 3168 835 3238 qui
849 3168 946 3233 verbo,
963 3167 995 3236 b)
1008 3169 1055 3240 qui
1069 3185 1164 3239 opere,
1181 3167 1212 3238 c)
1225 3167 1272 3238 qui
1286 3167 1345 3221 zelo
1357 3181 1429 3236 apo-

461 3242 570 3306 stolico,
582 3241 618 3312 d)
627 3244 676 3314 qui
686 3245 806 3316 pecunia
816 3246 983 3302 adlaborant
994 3247 1031 3301 ad
1041 3248 1117 3302 hunc
1127 3247 1335 3318 peroptandum
1344 3246 1429 3302 finem

462 3335 521 3389 205.
535 3351 570 3360 -
584 3322 723 3378 Feliciora
736 3334 865 3396 tempora
877 3326 940 3380 haec
953 3327 1082 3396 collegia,
1095 3326 1182 3381 modo
1199 3336 1338 3393 crescant,
1350 3335 1427 3381 certe

462 3402 601 3470 parabunt
615 3415 683 3472 1205.
696 3433 731 3442 -
745 3404 920 3473 Reipublicae
932 3415 975 3460 est
994 3406 1088 3461 sinere
1106 3407 1144 3461 ad
1163 3405 1225 3460 haec
1246 3403 1323 3460 cives
1342 3403 1428 3473 coire,

460 3495 550 3546 eaque
564 3495 615 3533 sua
627 3481 715 3538 libere
734 3499 831 3554 regere
844 3497 903 3552 203.
917 3511 952 3522 -
965 3491 994 3552 3⁰
1011 3484 1187 3555 Temperatr'o
1207 3493 1303 3538 autem
1325 3482 1428 3538 horum

460 3557 643 3628 collegiorum
655 3560 693 3614 ad
706 3561 769 3632 ipsa
782 3573 900 3634 spectat.
917 3573 946 3619 et
959 3579 976 3618 a
988 3563 1074 3619 variis
1090 3561 1234 3634 adjunctis
1248 3561 1353 3633 pendet
1366 3563 1427 3618 206.

461 3667 495 3676 -
509 3637 626 3694 Summa
639 3640 677 3694 ad
689 3641 839 3711 sequentia
859 3642 1021 3697 reducitur:
1035 3642 1070 3712 a)
1091 3641 1132 3698 Ut
1146 3658 1266 3712 scopum
1287 3641 1427 3712 principa·

461 3717 517 3772 lero
530 3718 654 3773 habeant
664 3719 862 3789 perlectionem
870 3722 989 3792 pr'etatr's
1001 3739 1034 3776 nc
1046 3737 1159 3776 monem
1169 3721 1230 3776 206.
1243 3747 1279 3758 -
1293 3720 1358 3775 Ηο0
1370 3719 1427 3790 pri-

460 3813 508 3852 mo
521 3797 651 3867 quaesit0‚
664 3809 767 3854 caetera
784 3800 953 3871 adjicientur
966 3803 1025 3855 206.
1038 3831 1073 3840 -
1088 3802 1160 3856 lnde
1180 3801 1312 3856 colantur
1327 3799 1357 3854 in
1371 3799 1426 3855 illis

460 3875 582 3931 eruditio
596 3876 736 3948 religiosa,
749 3879 842 3935 cultus
856 3879 920 3948 Dei,
933 3879 1043 3938 dierum
1056 3881 1202 3946 festorum,
1222 3879 1369 3947 Ecclesiae,
1382 3895 1427 3934 sa-

460 3963 670 4009 cramentorum
684 3957 744 4012 206.
757 3987 792 3998 -
803 3957 836 4027 b)
850 3959 935 4028 Quod
947 3959 986 4014 ad
1002 3964 1102 4014 catera
1114 3969 1234 4030 spectat,
1248 3957 1341 4014 officia
1354 3959 1428 4014 bene

460 4032 627 4102 partienda;
647 4050 798 4091 commune
817 4039 927 4108 integre
947 4037 1226 4105 administrandum
1237 4037 1302 4108 jura
1323 4050 1428 4093 cuncta

460 4113 608 4180 servanda,
621 4115 773 4171 arbitratus
786 4117 895 4188 integer
908 4118 945 4172 ad
964 4117 1138 4174 dirimendas
1151 4118 1216 4174 lites
1236 4119 1265 4172 in
1288 4118 1350 4189 ipso
1369 4120 1426 4173 col·

460 4189 535 4260 legio
553 4191 737 4260 formandus;
755 4195 891 4251 membris
913 4196 997 4267 copia
1018 4197 1112 4268 operis
1134 4197 1320 4268 procuranda,
1340 4205 1426 4268 atque

460 4269 580 4338 vectigal
593 4269 630 4324 ad
643 4271 867 4329 subveniendum
880 4276 1098 4332 necessitatibus
1110 4289 1172 4342 207.
1189 4305 1225 4316 -
1243 4283 1271 4342 4ο
1283 4275 1424 4332 chtum
