3354 4938
390 242 459 328 196
535 253 723 306 nrrruuru
742 250 899 304 uuerco.
923 241 943 270 ‘⁶
957 251 1090 303 unuuu
1110 247 1296 302 uovruuu
1312 281 1331 310 ‚,
1383 205 1389 226 ⁵

207 449 288 506 mes.
301 450 357 507 svr-
383 411 518 496 omnem
534 429 706 494 convictus
722 429 898 493 domestici
919 428 1155 512 disciplinam:
1178 427 1347 492 observari
1368 434 1403 488 et
1422 421 1488 486 coli

200 503 355 616 fflffl'
384 534 603 617 religionem:
638 532 754 597 llorere
770 532 941 615 ¹privatim
965 552 1003 596 ac
1027 530 1159 614 publice
1183 548 1291 594 mores
1315 529 1489 610 integros:

206 621 293 726 Μ’.
315 616 358 672 ‘¹⁹'
383 648 534 703 sanctam
558 637 692 701 retineri
718 639 889 714 iustitiam,
913 657 973 700 nec
997 635 1119 700 alteros
1146 634 1191 699 ab
1212 633 1326 698 alteris
1352 633 1490 715 impune

382 745 520 809 violari:
543 742 673 806 validos
695 741 887 806 adolescere
910 742 1008 818 cives,
1028 741 1194 805 iuvandae
1209 738 1446 818 tutandaeque,
1462 735 1491 798 si

382 870 433 914 res
449 848 604 932 postulet,
619 847 746 911 civitati
763 847 910 911 idoneos.
930 845 1161 928 Quamobrem
1178 845 1205 908 si
1221 844 1359 928 quando
1373 840 1442 918 fiat,
1454 851 1492 904 ut

382 955 554 1038 quippiam
584 951 758 1016 turbarum
783 950 975 1032 impendeat
1000 950 1046 1014 ob
1075 949 1295 1013 secessionem
1323 945 1492 1029 opificum,

382 1066 441 1120 aut
458 1055 663 1119 intermissas
679 1073 723 1116 ex
739 1053 928 1135 composito
944 1073 1065 1135 operas
1081 1075 1088 1116 ε
1112 1061 1150 1116 ut
1165 1050 1330 1115 naturalia
1344 1048 1493 1118 familiae

382 1179 472 1223 nexa
494 1157 584 1240 apud
612 1156 808 1237 proletarios
832 1155 1047 1220 relaxentur:
1066 1166 1104 1220 ut
1128 1155 1244 1238 religio
1266 1155 1300 1218 in
1316 1152 1493 1236 opificibus

382 1263 523 1327 violetur
538 1280 606 1324 non
622 1260 703 1322 satis
720 1259 945 1340 impertiendo
961 1259 1135 1324 commodi
1158 1260 1201 1323 ad
1213 1258 1324 1321 officia
1339 1257 1494 1341 pietatis:

382 1368 409 1430 si
426 1363 608 1449 periculum
634 1365 667 1428 iu
692 1363 833 1428 officinis
849 1363 1035 1447 integritati
1063 1384 1192 1428 morum
1214 1364 1348 1446 ingruat
1365 1385 1386 1426 a
1408 1381 1495 1427 sexu

383 1471 581 1553 promiscuo,
606 1467 720 1532 aliisve
744 1467 937 1550 perniciosis
968 1467 1198 1532 invitamentis
1229 1467 1411 1551 peccandi:
1436 1477 1496 1531 aut

233 1591 295 1634 aare
305 1587 357 1633 urz·-
383 1572 540 1657 opificum
567 1573 720 1638 ordinem
736 1571 848 1635 herilis
863 1573 948 1636 ordo
965 1572 1093 1654 iniquis
1108 1580 1239 1655 premat
1254 1571 1419 1644 oneribus,
1441 1568 1495 1633 vel

205 1663 357 1766 iffflp‘ffl.
384 1676 499 1741 alienis
515 1695 535 1736 a
547 1694 690 1757 persona
702 1694 740 1736 ac
753 1675 919 1756 dignitate
933 1674 1081 1737 humana
1092 1675 1340 1739 conditionibus
1350 1672 1495 1757 affligat:

205 1769 334 1818 ‘mam
384 1783 411 1844 si
426 1779 609 1843 valetudini
629 1787 787 1841 noceatur
801 1797 903 1860 opere
918 1777 1116 1854 immodico,
1132 1798 1193 1842 nec
1208 1779 1251 1842 ad
1267 1798 1387 1842 sexum
1403 1785 1494 1841 aeta·

207 1829 358 1884 prepotesta-

205 1886 359 2002 2⁸¹2&dess
385 1895 495 1948 temve
511 1883 775 1959 accommodato,
790 1883 842 1944 his
857 1881 889 1946 in
911 1881 1040 1946 caussis
1057 1882 1156 1964 plane
1171 1882 1371 1958 adhibenda,
1385 1891 1494 1946 certos

208 2019 245 2056 ra.
264 2006 311 2073 rap
321 2003 359 2046 in·
386 1991 473 2054 intra
489 1988 581 2066 fines,
595 1989 645 2052 vis
660 1997 694 2051 et
710 1988 891 2051 auctoritas
907 1986 1032 2068 legum.
1049 1985 1143 2069 Quos
1167 1985 1249 2050 fines
1264 1987 1392 2062 eadem,
1408 2006 1494 2069 quae

208 2067 329 2182 min
386 2095 499 2176 legum
515 2093 622 2175 poscit
637 2113 746 2173 opem,
761 2110 879 2155 caussa
894 2091 1119 2156 determinat:
1140 2089 1294 2155 videlicet
1315 2111 1382 2155 non
1398 2091 1495 2173 plura

387 2197 599 2278 suscipienda
615 2195 754 2277 legibus
765 2215 826 2258 nec
842 2194 929 2258 ultra
945 2194 1239 2278 progrediendum,
1251 2214 1352 2277 quam
1367 2196 1495 2259 incom-

388 2301 564 2365 modorum
581 2299 720 2378 sanatio,
737 2299 787 2362 vel
805 2299 942 2382 periculi
960 2298 1113 2382 depulsio
1128 2302 1281 2382 requirat.

217 2430 364 2500 pumma,
435 2404 513 2467 lura
536 2402 683 2486 quidem,
699 2403 730 2464 in
747 2421 959 2484 quocumque
982 2403 1058 2478 siut,
1077 2411 1193 2467 sancte
1214 2402 1376 2466 servanda
1396 2409 1495 2464 sunt:

216 2499 275 2550 dm
305 2506 367 2569 W
391 2516 493 2588 atque
504 2516 542 2571 ut
557 2524 654 2569 suum
667 2506 788 2586 singuli
801 2514 948 2582 teneant,
961 2504 1063 2569 debet
1078 2514 1227 2588 potestas
1242 2504 1375 2588 publica
1385 2504 1497 2588 provi·

207 2567 367 2678 Jsierrdbmrudtn
391 2610 479 2684 dere,
505 2607 740 2690 propulsandis
767 2616 868 2688 atque
884 2606 1083 2671 ulciscendis
1107 2606 1243 2672 iniuriis.
1259 2606 1333 2671 Nisi
1348 2607 1438 2691 quod
1462 2607 1496 2670 in

215 2683 364 2783 22:223?
392 2713 472 2794 ipsis
488 2711 703 2795 protegendis
719 2712 924 2795 privatorum
943 2711 1077 2787 iuribus,
1102 2713 1279 2794 praecipue
1294 2721 1346 2776 est
1368 2711 1497 2776 infimo·

216 2799 286 2842 Μ’·
393 2836 465 2880 rum
483 2823 585 2898 atque
600 2815 738 2897 inopum
755 2813 911 2878 habenda
930 2815 1024 2878 ratio,
1041 2813 1215 2896 Siquidem
1231 2815 1325 2878 natio
1347 2815 1500 2891 divitum,

394 2922 462 2984 suis
476 2929 572 3002 septa
598 2919 781 3000 praesidiis,
808 2919 917 2982 minus
936 2927 1014 3002 eget
1036 2918 1142 2982 tutela
1161 2919 1317 3000 publica:
1341 2919 1498 2982 miserum

393 3025 522 3108 vulgus,
547 3022 646 3087 nullis
662 3023 782 3105 opibus
803 3024 871 3087 suis
892 3032 1014 3099 tutum,
1040 3023 1074 3086 in
1097 3025 1283 3105 patrocinio
1298 3020 1501 3107 reipublicae

396 3130 545 3194 maxime
560 3127 685 3193 nititur.
705 3126 871 3210 Quocirca
888 3128 1117 3205 mercenarios,
1132 3148 1208 3191 cum
1233 3129 1265 3191 in
1286 3127 1502 3191 multitudine

396 3251 502 3313 egena
533 3240 757 3307 numerentur,
787 3230 888 3294 debet
922 3250 1001 3304 cura
1035 3231 1311 3313 providentiaque
1342 3229 1502 3314 singulari

395 3333 574 3416 complecti
591 3331 786 3415 respublica

236 3465 358 3506 uiren-
441 3435 510 3501 Sed
526 3437 690 3518 quaedam
708 3436 842 3500 maioris
859 3439 1022 3501 momenti
1044 3447 1190 3520 praestat
1214 3437 1413 3502 nominatim
1430 3457 1503 3521 per·

242 3526 353 3622 ᾍᾛκ
397 3537 741 3622 stringere-Caput
756 3547 869 3602 autem
886 3549 946 3617 est,
957 3539 1099 3621 imperio
1113 3561 1152 3605 ac
1164 3542 1373 3605 munimento
1389 3540 1501 3623 legum

161 3709 165 3716 ,
221 3645 372 3754 ζῗῐῧξῐξὲζ
397 3642 497 3706 tutari
527 3641 674 3723 privatas
705 3641 933 3722 possessiones
965 3653 1129 3724 oportere.
1156 3644 1446 3726 Potissimumque,
1470 3643 1503 3706 in

221 3754 362 3856 suerting,
397 3754 493 3809 tanto
510 3745 576 3808 iarn
592 3743 815 3826 cupiditatum
832 3743 960 3821 ardore,
981 3745 1185 3810 continenda
1212 3746 1244 3809 in
1261 3744 1370 3810 officio
1390 3743 1505 3829 plebs:

218 3826 373 3932 bbsssrcdsvidf
397 3869 475 3912 nam
486 3850 513 3912 si
524 3849 566 3912 ad
580 3847 717 3912 meliora
730 3848 933 3911 contendere
944 3867 1143 3912 concessum
1156 3858 1207 3913 est
1219 3867 1285 3913 non
1296 3857 1505 3931 repugnante

226 3937 304 3984 “m''
397 3952 532 4030 iustitia,
548 3960 583 4014 at
597 3950 702 4027 alteri,
718 3951 808 4033 quod
826 3969 923 4014 suum
940 3960 1000 4028 est,
1023 3952 1207 4030 detrahere,
1222 3973 1262 4016 ac
1280 3972 1339 4035 per
1357 3951 1504 4033 speciem

397 4051 562 4116 absurdae
576 4050 750 4114 cuiusdam
767 4049 1018 4133 aequabilitatis
1039 4049 1072 4114 in
1097 4051 1247 4116 iortunas
1262 4052 1387 4116 alienas
1410 4051 1504 4116 invo-

397 4155 473 4231 lare,
488 4154 615 4218 iustitia
630 4164 731 4231 vetat,
750 4173 811 4217 nec
830 4155 903 4236 ipsa
919 4153 1109 4218 communis
1135 4155 1287 4219 utilitatis
1306 4154 1391 4219 ratio
1414 4155 1504 4220 sinit

398 4259 527 4340 Utique
547 4277 623 4339 pars
645 4256 803 4339 opificum
827 4257 928 4340 longe
945 4259 1096 4322 maxima
1111 4279 1161 4322 res
1181 4258 1334 4323 meliores
1358 4257 1503 4322 honesto
