3364 4928
378 296 423 388 58
526 317 741 370 nuuocu‘rro
765 305 786 336 ‘⁴
805 317 963 370 rmonss
981 319 1102 372 cunas
1119 301 1291 371 'uosrurs
1313 353 1333 380 „

381 425 1086 438 ———.----.——-—-—--———-.-——........
1095 431 1180 438 ..---

49 509 52 548 ;
170 521 171 524 ¹
222 495 350 542 Puruun-
374 493 574 577 Apostolica
588 497 789 560 auctoritate
810 495 935 560 Nostra
959 495 1102 578 probare
1121 507 1155 560 et
1171 493 1369 560 confirmare
1384 493 1483 559 velle-

198 555 270 682 iffi
280 555 351 672 afqpl}
376 616 457 662 mus.
474 596 561 664 Curn
578 617 647 662 rem
663 617 809 678 omnem,
823 618 870 663 ex
886 617 987 678 more,
1003 598 1155 666 Consilio
1171 599 1298 664 Nostro
1314 595 1392 661 fidei
1408 615 1483 679 pro·

198 676 349 778 'jfmilffs'ss
374 702 551 784 pagandae
563 701 707 784 negotiis
724 701 806 766 ritus
817 700 988 766 orientalis
1004 703 1197 786 praeposito
1212 701 1481 785 cognoscendam

198 791 349 910 “igi‘''fj'jssj
375 805 618 883 detulissemus,
634 805 723 870 idem
752 805 939 870 Consilium
955 814 1028 872 tota
1050 807 1097 871 rei
1124 814 1240 890 gestae
1266 807 1395 869 ratione
1411 823 1483 887 per·

193 911 288 968 8⁶¹¹&-
373 929 487 994 pensa,
512 909 770 993 supplicandum
799 909 907 974 Nobis
933 909 1072 986 censuit,
1095 920 1132 974 ut
1158 909 1296 985 sanatis,
1318 917 1483 992 quatenus

373 1033 459 1096 opus
474 1013 526 1090 sit,
541 1013 729 1096 quibusque
739 1013 829 1079 vitiis
845 1013 980 1096 quaein
996 1015 1104 1096 ipsam
1121 1015 1320 1078 electionem
1338 1012 1483 1075 incidere

372 1115 550 1198 potuerint,
575 1113 818 1180 Maronitarum
842 1115 1043 1180 Antistitum
1071 1115 1225 1200 precibus
1249 1133 1486 1180 annueremus.

197 1217 333 1323 §mm
371 1259 415 1270 -
432 1222 573 1286 Paterna
588 1222 720 1298 caritas,
734 1241 800 1305 qua
817 1222 1060 1288 Maronitarum
1076 1234 1212 1308 gentem
1240 1223 1484 1306 prosequimur,

195 1337 295 1395 trolan-
373 1325 461 1400 iacit,
482 1335 519 1390 ut
541 1324 683 1389 libenter
703 1326 743 1390 iis
765 1327 964 1391 auctoritate
992 1327 1117 1392 Nostra
1142 1337 1276 1412 praesto
1301 1326 1426 1392 simus:
1450 1336 1485 1390 et
1528 1329 1532 1340 ’

196 1395 349 1507 {¹2¹3}de
374 1448 450 1492 curn
481 1447 693 1512 summopere
725 1427 832 1494 Nobis
865 1429 958 1494 cordi
988 1431 1032 1496 sit
1067 1431 1288 1496 Maroniticae
1324 1429 1486 1494 ecclesiae

193 1517 348 1630 mua,
375 1530 586 1614 prosperitas,
617 1531 786 1609 mandata,
810 1531 873 1596 hac
900 1533 1085 1612 occasione,
1114 1533 1271 1598 dedimus
1298 1541 1486 1597 memorato

196 1633 340 1686 cornuum
376 1631 526 1698 Consilio
543 1634 669 1698 Nostro
695 1635 838 1718 negotiis
861 1637 944 1700 ritus
968 1633 1140 1701 orientalis
1164 1633 1365 1718 praeposito,
1391 1643 1429 1699 ut
1445 1653 1485 1698 ea

375 1737 531 1804 decernat
547 1760 586 1804 ac
602 1751 731 1807 statuat
747 1761 832 1825 quae
847 1763 887 1806 eo
904 1743 1082 1825 pertinent,
1108 1752 1146 1808 ut
1168 1742 1395 1808 ecclesiastica
1417 1741 1485 1804 dis-

242 1841 350 1947 deiecgs
373 1841 496 1924 ciplina
506 1842 549 1907 ad
560 1845 763 1927 praescripta
777 1843 906 1930 Synodi
922 1845 1120 1911 Libanensis
1136 1867 1226 1912 anno
1242 1849 1325 1928 1736
1338 1846 1486 1930 habitae,

193 1909 348 2066 Ξῖἶῦἷφιῑ-
374 1947 560 2010 accuratius
583 1946 781 2033 pleniusque
806 1959 964 2016 servetur.
989 1950 1089 2015 Nunc
1112 1959 1225 2016 autem
1251 1949 1347 2014 firma
1363 1949 1486 2015 fiducia

198 2033 351 2138 ,732'22'12-,5
375 2049 448 2114 freti
479 2049 557 2128 fore,
588 2063 625 2116 ut
657 2053 847 2118 Patriarcha
877 2053 1036 2132 delectus,
1062 2075 1131 2138 quo
1161 2055 1288 2118 maiore
1317 2053 1486 2138 dignitate

198 2139 325 2186 '‘mm‘'-
376 2153 571 2237 praefulget,
600 2175 640 2220 eo
670 2156 854 2241 impensius
882 2157 926 2220 de
956 2157 1117 2241 religione
1146 2168 1180 2223 et
1214 2157 1354 2222 ecclesia
1392 2159 1481 2240 apud

378 2255 611 2323 Maroniticam
638 2269 773 2343 gentem
804 2279 865 2324 sua
894 2260 1078 2344 vigilantia,
1112 2281 1224 2344 opera,
1259 2259 1483 2326 sollicitudine

378 2359 495 2424 mereri
525 2363 668 2440 studeat,
701 2363 771 2428 eius
805 2363 1003 2427 electionem
1041 2385 1099 2429 seu
1138 2363 1400 2448 postulationem
1438 2364 1481 2427 ad

376 2463 640 2530 Patriarchatum
686 2467 938 2534 Antiochenum
986 2467 1228 2534 Maronitarum
1271 2469 1481 2551 probandam

376 2575 549 2648 ratamque
575 2567 764 2634 habendam
789 2571 1067 2649 existimavimus,
1091 2571 1315 2653 eumdemque
1331 2570 1483 2634 Venera-

374 2670 475 2735 bilem
502 2671 651 2737 Fratrem
678 2673 710 2736 in
739 2674 938 2740 luculentius
954 2675 1142 2740 dilectionis
1170 2675 1315 2739 Nostrae
1331 2675 1483 2739 testimo-

375 2776 477 2853 nium,
491 2795 586 2841 sacro
601 2777 704 2861 pallio
718 2777 762 2842 de
777 2795 915 2864 corpore
943 2781 978 2844 B.
996 2779 1083 2844 Petri
1108 2787 1253 2863 sumpto,
1269 2791 1306 2843 ut
1322 2778 1482 2862 postulat,

375 2880 602 2944 decorandum
618 2881 817 2950 censuimus

730 3043 822 3130 Quid
845 3009 954 3111 Vobis
977 3045 1132 3111 videtur?

417 3197 631 3265 Auctoritate
655 3199 898 3286 omnipotentis
926 3202 999 3279 Dei,
1025 3211 1217 3266 sanctorum
1235 3200 1480 3283 Apostolorum

374 3301 462 3367 Petri
487 3314 521 3368 et
547 3304 649 3384 Pauli,
664 3314 698 3370 et
726 3304 860 3384 Nostra,
875 3306 1071 3372 electionem
1097 3325 1154 3370 seu
1180 3303 1479 3388 postulationema

372 3404 629 3472 Venerabilibus
660 3409 832 3476 Fratribus
866 3409 1044 3494 Episcopis
1075 3409 1254 3474 Maronitis
1283 3408 1407 3473 iactam
1437 3409 1481 3471 de

373 3527 514 3592 persona
539 3509 749 3576 Venerabilis
777 3513 902 3578 Fratris
929 3513 1065 3576 loannis
1097 3511 1185 3576 Petri
1216 3512 1328 3595 Hagg,
1354 3510 1482 3576 sanatis

374 3622 538 3696 quatenus
551 3634 636 3697 opus
650 3615 694 3679 sit
708 3615 897 3701 quibusque
913 3616 1002 3680 vitiis
1011 3636 1099 3699 quae
1113 3615 1268 3681 electioni
1284 3614 1348 3698 ipsi
1364 3624 1481 3697 potue-

373 3719 438 3781 rint
453 3715 594 3796 officere,
609 3719 790 3802 probamus
806 3730 981 3802 ratamque
1001 3718 1175 3795 habemus,
1190 3739 1334 3803 eumque
1350 3718 1479 3783 solven-

372 3833 422 3886 tes
445 3841 467 3886 a
493 3821 635 3901 vinculo,
660 3843 728 3908 quo
754 3821 912 3888 eeclesiae
938 3823 1212 3908 Heliopolitanae
1236 3823 1479 3888 Maronitarum

371 3925 599 4009 obstringitur,
635 3927 679 3992 ad
718 3925 977 3991 Patriarchalem
1015 3925 1267 3992 Antiochenam
1304 3923 1480 3988 ecclesiam

374 4028 627 4107 Maronitarum,
651 4047 728 4096 cum
744 4029 900 4095 omnibus
927 4029 1117 4114 privilegiis,
1137 4027 1259 4111 quibus
1286 4028 1480 4092 decessores

372 4133 443 4198 eius
458 4131 502 4196 ab
517 4133 580 4197 hac
595 4132 796 4216 Apostolica
808 4133 897 4200 Sede
909 4133 1018 4200 ornari
1031 4150 1242 4208 consuevere,
1258 4129 1431 4195 evehimus
1446 4140 1480 4194 et

373 4256 619 4320 promovemus,
644 4246 677 4302 et
709 4236 935 4302 Patriarcham
962 4257 1001 4302 ac
1033 4237 1205 4302 Pastorem
1234 4235 1479 4299 Maronitarum

373 4337 531 4418 fidelium,
546 4337 595 4404 uti
611 4339 645 4404 in
661 4339 797 4406 decreto
812 4360 851 4404 ac
866 4339 1025 4406 schedula
1052 4337 1339 4403 consistorialibus
1353 4331 1482 4420 signiti-
