3354 4938
310 283 361 336 DE
379 285 620 335 HIERARCHIA
638 284 679 336 IN
699 253 1182 338 1APON1ACONSTITUENDA.
1226 280 1300 353 227

186 457 281 521 iussa
297 456 414 538 fuerat,
430 479 491 523 nec
507 459 614 524 multo
641 469 719 542 post
734 458 876 524 alterum
902 460 936 523 in
961 459 1097 525 civitate
1126 459 1300 542 Nagasalri
1386 473 1415 518 15

1354 518 1448 568 JUNII
1554 521 1556 528 ’

185 559 310 625 honori
335 581 398 626 sex
428 571 463 627 et
483 562 603 645 viginti
628 571 813 645 martyrum
840 563 1077 645 laponensium
1110 562 1297 628 excitatum
1367 570 1434 628 1801·

186 671 251 740 est,
272 665 393 746 quibus
416 664 583 730 Decessor
605 665 730 731 Noster
754 666 832 730 Pius
851 665 903 730 IX
927 673 1119 730 sanctorum
1136 663 1296 730 caelitum
1347 678 1476 750 Munna-

186 767 333 832 honores
355 769 555 833 decreverat
579 767 657 852 Qua
679 779 758 834 sunt
790 769 922 852 Iaponii
945 777 1084 833 naturae
1114 767 1229 833 indole
1252 770 1295 832 ad
1324 739 1417 858 {ffl-
1435 753 1476 844 ,Ῐῖ

187 871 401 938 honestatem
435 881 469 938 et
492 873 739 938 humanitatem
763 873 797 937 in
820 872 939 955 primis
961 892 1138 956 propensa,
1173 892 1296 956 nequa·
1324 855 1455 910 mutant,

186 995 292 1060 quam
318 977 441 1042 inertes
463 985 497 1040 et
528 996 647 1060 segnes
674 977 717 1042 ad
743 977 867 1043 Christi
892 976 1089 1060 religionem
1113 978 1295 1061 suscipien-

187 1083 270 1148 dam
296 1101 332 1146 se
348 1081 538 1164 praebuere,
561 1090 596 1145 et
618 1080 794 1146 confestim
818 1101 838 1144 e
861 1079 959 1144 fertili
982 1100 1104 1164 campo
1128 1080 1295 1146 uberrima

187 1185 307 1250 messis
323 1186 459 1250 emicuit
473 1185 790 1250 cathecumenorum
811 1186 853 1249 ad
879 1183 995 1248 decem
1020 1185 1134 1263 millia,
1149 1187 1206 1269 qui
1224 1206 1297 1252 sese

186 1289 412 1354 instituendos
435 1289 468 1353 in
492 1288 658 1354 catholica
681 1289 834 1354 doctrina
853 1287 1014 1366 obtulere,
1038 1296 1074 1354 ut
1097 1289 1220 1355 deinde
1243 1311 1294 1355 sa-

185 1393 287 1458 lutari
322 1393 454 1458 lavacro
484 1393 711 1476 expiarentur.
738 1391 954 1476 Quamquam
981 1401 1094 1457 antem
1125 1393 1190 1458 hoc
1222 1395 1296 1478 ipso
1347 1417 1472 1464 ruvrrosa.

186 1505 340 1578 tempore
356 1496 513 1578 antiquus
528 1496 666 1560 humani
683 1495 816 1579 generis
825 1495 935 1559 hostis
951 1515 1055 1561 novas
1071 1497 1193 1561 irarum
1206 1496 1295 1562 laces
1322 1477 1383 1522 Μὴ
1398 1479 1473 1531 *ms

183 1599 224 1664 in
245 1599 446 1665 catholicum
470 1619 592 1664 nomen
617 1600 794 1672 incendere
819 1617 996 1682 aggressus
1011 1610 1108 1679 esset,
1123 1611 1157 1666 et
1179 1603 1296 1685 gravia

184 1703 334 1788 pericula
358 1703 551 1768 viderentur
565 1705 748 1782 imminere,
765 1701 856 1769 brevi
884 1714 997 1770 tamen
1022 1705 1167 1789 propitia
1190 1706 1295 1770 divini

183 1807 334 1872 numinis
359 1826 434 1890 ope,
455 1803 586 1871 hostilis
609 1806 732 1872 resedit
763 1806 861 1885 furor,
887 1826 926 1870 ac
949 1807 1194 1891 tranquillitate
1221 1809 1294 1874 red-

184 1911 270 1989 dita,
291 1909 368 1976 fidei
391 1912 542 1994 germina
564 1931 652 1993 quae
673 1911 731 1975 diu
756 1909 789 1974 in
815 1911 958 1994 Iaponia
981 1912 1158 1990 latuerant,
1181 1913 1294 1978 Evan-

182 2015 265 2100 gelii
289 2015 447 2079 ministris
469 2014 536 2079 illic
551 2015 761 2080 versantibus
776 2015 889 2098 palam
913 2034 948 2080 se
975 2017 1201 2098 prodiderunt
1225 2017 1292 2083 Ve-

182 2129 297 2184 terum
320 2119 409 2184 enim
437 2116 584 2183 fidelium
610 2118 752 2200 posteris
776 2118 918 2183 fidenter
940 2119 974 2183 in
990 2119 1098 2183 lucem
1123 2119 1290 2204 publicam
1319 2127 1470 2210 intruens

182 2221 439 2308 prodeuntibus,
454 2221 529 2304 plus
550 2222 667 2287 decem
685 2221 789 2285 millia
804 2220 980 2286 hominum
996 2232 1127 2305 reperta
1147 2233 1235 2300 suut,
1258 2224 1290 2286 in
1315 2203 1440 2307 ζζζζζξζῖ,

180 2345 271 2411 quos
290 2324 475 2389 catholicae
501 2323 578 2389 fidei
605 2323 774 2389 hereditas
799 2345 819 2388 a
843 2325 996 2407 patribus
1023 2327 1154 2409 integra
1184 2327 1291 2392 incor-
1318 2317 1468 2422 {jesffll

180 2436 285 2510 rupta
314 2437 516 2493 manaverat.
556 2427 692 2494 Scilicet
721 2427 835 2493 divina
865 2427 1075 2510 providentia
1103 2440 1293 2495 servaverat
1427 2412 1432 2423 ⁵

181 2533 295 2620 prisca
318 2533 503 2598 renascenti
519 2532 552 2596 in
582 2532 723 2616 Iaponia
740 2531 911 2597 Ecclesiae
937 2531 1168 2615 fundamenta,
1194 2555 1295 2618 super

181 2657 276 2722 quae
289 2637 362 2719 ipsa
376 2637 497 2702 iterum
513 2635 689 2701 aedificata
716 2645 942 2719 consurgeret,
968 2648 1158 2705 servaverat
1181 2641 1294 2716 decus,

180 2753 226 2810 ut
240 2741 317 2806 novi
333 2740 447 2806 fideles
464 2761 530 2806 non
546 2740 650 2806 veluti
666 2741 816 2825 hospites
832 2751 866 2806 et
881 2743 1042 2822 advenae,
1065 2744 1124 2807 sed
1147 2745 1236 2809 cives
1258 2753 1293 2810 et

183 2845 365 2913 domestici
380 2853 530 2910 veterum
548 2845 709 2928 Iaponiae
727 2854 911 2928 martymm
935 2847 969 2910 in
986 2866 1087 2912 unam
1111 2869 1188 2914 curn
1212 2850 1293 2933 ipsis

184 2967 389 3031 compagem
405 2947 637 3013 coalescerent.

235 3051 321 3118 Cum
336 3050 419 3115 haec
445 3051 493 3116 ita
518 3071 554 3115 se
569 3051 741 3129 haberent,
766 3050 809 3115 de
828 3053 993 3116 sententia
1021 3052 1160 3118 Consilii
1178 3052 1293 3117 Nostri

185 3155 269 3222 fidei
295 3155 533 3238 propagandae
557 3175 647 3220 anno
671 3154 768 3219 huius
793 3155 916 3219 saeculi
943 3156 1157 3238 sexagesimo
1184 3166 1293 3234 sextu,
1318 3138 1470 3246 &ymb

183 3279 297 3328 novus
329 3259 489 3343 Iaponiae
514 3259 668 3324 Vicarius
707 3259 898 3325 Bernardns
930 3259 1105 3341 Petitjean,
1136 3262 1293 3345 idemque
1314 3256 1471 3362 {2235ng

188 3363 381 3447 Episcopus
404 3362 548 3427 titularis
570 3361 859 3446 Myriophytensis
875 3363 1074 3428 auctoritate
1095 3364 1295 3448 Apostolica
1319 3377 1414 3446 tineae.
1438 3375 1470 3418 E·

184 3470 405 3535 renunciatus
420 3475 480 3546 est,
493 3468 551 3552 qui
568 3487 784 3551 magnacum
801 3466 1027 3532 sollicitudine
1039 3469 1085 3532 rei
1095 3469 1296 3536 christianae
1317 3441 1457 3552 bmn-

185 3572 399 3640 ordinandae
414 3573 565 3636 animum
592 3580 625 3635 et
645 3571 731 3637 vires
758 3570 915 3636 intendit.
931 3571 1059 3636 Decem
1080 3573 1205 3639 exinde
1219 3587 1296 3659 post
1321 3553 1402 3600 Μ·

185 3694 298 3742 annos
313 3673 438 3740 vicaria
453 3674 644 3758 procuratio
659 3672 814 3738 bilariam
830 3673 939 3737 divisa
964 3683 997 3738 et
1022 3675 1200 3742 distributa
1224 3675 1296 3743 suit

188 3779 335 3862 Iaponia
354 3778 481 3844 scilicet
504 3775 757 3861 septentrionali
783 3777 827 3842 ab
852 3777 988 3842 australi
1012 3779 1172 3856 seiuncta,
1198 3799 1237 3844 ac
1262 3781 1296 3844 in

186 3882 364 3966 utriusque
394 3881 540 3965 regionis
569 3890 682 3974 partes
709 3879 918 3963 Apostolicis
948 3881 1027 3945 viris
1052 3881 1297 3947 confluentibus

189 3985 336 4072 plurima
366 3985 490 4069 ubique
521 3980 712 4067 magisteria
742 3983 786 4047 ad
818 3982 1019 4048 catholicam
1051 3984 1296 4050 institutionem
1332 4012 1475 4060 mmmm

187 4089 393 4156 tradendam
408 4087 585 4153 confestim
605 4087 820 4171 Iaponiorum
839 4086 976 4150 utilitati
1001 4097 1190 4169 patuerunt.
1214 4087 1297 4152 Tres
1322 4073 1478 4178 {jesfflfm

186 4202 307 4259 autem
322 4203 401 4258 ante
424 4211 531 4256 annos
558 4191 653 4255 novis
677 4189 851 4273 praesidiis
878 4190 924 4253 rei
950 4209 1063 4254 sacrae
1086 4191 1298 4256 administra·

188 4295 322 4364 tionem
351 4295 424 4362 Nos
447 4293 565 4361 instrui
592 4303 770 4379 opportere
797 4292 1032 4376 intelligentes,
1062 4314 1186 4359 novum
1214 4299 1301 4360 vica·
