3364 4928
208 307 260 356 DE
279 304 500 356 PRAECIPUIS
520 305 657 356 CIVlUM
675 305 998 360 CHRISTIANORUM
1016 309 1064 360 OF
1067 310 1189 362 FlCllS.
1215 312 1257 381 13

144 505 219 550 esse
248 483 431 567 cognitam.
456 482 560 548 Valet
590 484 680 549 enim
711 505 831 567 perse
861 485 935 569 ipsa
966 487 1008 550 ad
1039 486 1258 568 depellendos
1288 546 1325 596 JA
1329 499 1432 587 153st

144 609 275 655 errores
290 589 395 672 probe
421 597 600 671 perceptas
626 609 728 670 quam
752 590 780 653 si
798 610 893 654 mens
916 591 1092 674 arripuerit
1111 587 1259 672 simplex
1323 596 1391 655 18⁹0·

143 693 451 776 praeiudicatisque
476 711 542 756 non
571 692 732 758 adstricta
759 695 984 777 opinionibus,
1006 693 1258 759 assentiendum
1334 705 1435 777 ,toritas

145 817 220 862 esse
236 798 322 863 ratio
337 797 543 882 pronuntiat.
561 796 591 860 N
596 815 660 861 unc
676 817 755 862 vero
771 795 849 862 fidei
872 799 977 863 virtus
992 800 1120 880 grande
1137 815 1259 861 munus
1284 766 1435 884 {133⁸}ssssss

144 913 197 968 est
213 903 342 986 gratiae
367 901 598 985 bonitatisque
623 901 776 966 divinae:
792 921 843 965 res
871 912 984 965 tamen
1013 903 1113 984 ipsae,
1136 901 1259 984 quibus
1286 889 1437 990 ‘r‘ffljjlj'm‘

144 1009 339 1074 adhibenda
355 1006 449 1083 fides,
460 1029 527 1072 non
541 1007 608 1072 alio
620 1003 687 1068 iere
700 1007 803 1068 modo
815 1025 916 1088 quam
929 1005 1098 1070 audiendo
1115 1023 1259 1069 noscun·
1283 1004 1398 1062 postulat.

145 1124 209 1178 tur.
239 1111 404 1192 Quonrodo
426 1113 554 1177 credent
582 1111 620 1188 oi,
643 1130 737 1192 quem
765 1130 826 1172 non
851 1109 1061 1174 arriserunt?
1097 1108 1261 1188 Quomodo
1397 1095 1413 1116 '¹

144 1227 257 1280 auum
287 1215 425 1280 audknt
452 1216 523 1280 sine
546 1213 828 1298 praedicantia..
852 1211 944 1294 Ergo
964 1213 1053 1295 fidos
1074 1233 1114 1276 ec
1132 1211 1261 1290 aroditu,

145 1321 281 1384 auditus
298 1328 408 1384 autem
422 1331 486 1402 per
504 1319 639 1382 verbum
656 1315 784 1381 Cloro'sti
796 1313 848 1398 (¹).
865 1314 1035 1398 Quoniam
1058 1316 1159 1397 igitur
1176 1315 1260 1379 tides
1287 1313 1441 1422 fflfjggff

146 1431 199 1488 est
230 1425 272 1487 ad
312 1422 456 1487 salutern
495 1421 690 1496 necessaria,
720 1418 859 1482 omnino
897 1419 1081 1501 praedicari
1120 1419 1258 1486 verbum
1287 1433 1363 1480 sarra.
1423 1471 1425 1476 .

147 1526 310 1598 CHRISTI
335 1526 551 1609 consequitur
574 1533 738 1606 oportere.
764 1520 918 1586 Proiecto
945 1523 1171 1606 praedicandi,
1195 1526 1260 1589 hoc

147 1641 200 1695 est
216 1631 369 1707 docendi,
388 1649 509 1695 munus
536 1630 605 1693 iure
631 1627 747 1691 divino
769 1645 872 1709 penes
900 1627 1077 1709 magistros
1101 1637 1161 1704 est,
1176 1647 1260 1711 quos

150 1733 301 1816 Spiritus
323 1733 466 1799 Sanctus
481 1731 596 1814 posuit
615 1729 785 1812 Episcopos
807 1750 915 1812 regere
932 1729 1110 1794 Ecclesiam
1129 1731 1197 1795 Dei
1210 1732 1262 1816 (2),
1306 1737 1442 1816 magistro

151 1839 368 1920 maximeque
399 1857 502 1920 penes
534 1831 731 1899 Pontificem
762 1852 949 1910 romanum,
981 1833 1068 1899 lESU
1102 1833 1260 1900 CHRISTI
1283 1809 1424 1915 {miii

148 1941 322 2016 vicarium,
333 1930 504 2005 Ecclesiae
517 1939 690 2004 universae
698 1914 831 2000 iumma
843 1956 918 2001 cum
936 1946 1103 2020 potestate
1119 1957 1260 2022 praepo·

149 2043 262 2122 situm,
286 2042 538 2118 credendorum,
561 2041 769 2123 agendorum
797 2040 1005 2123 magistrum.
1033 2041 1262 2108 Nihilominus
1310 2058 1439 2128 sessaun-

151 2163 252 2209 nemo
277 2154 383 2228 putet,
409 2144 608 2209 industriam
639 2140 835 2206 nonnullam
866 2141 984 2216 eadem
1013 2141 1046 2204 in
1078 2161 1112 2205 re
1136 2161 1261 2225 ponere
1287 2117 1440 2236 ξῖζωρὲἷζζ

150 2244 300 2326 privatos
311 2244 489 2328 prohiberi,
498 2263 556 2308 cos
568 2245 779 2321 nominatim,
794 2244 915 2327 quibus
927 2243 1050 2326 ingenii
1067 2243 1262 2309 facultatem
1288 2235 1331 2341 ᾗῇ
1356 2235 1441 2296 std‘ff·

151 2347 246 2411 Deus
271 2367 348 2412 cum
380 2349 493 2412 studio
520 2347 606 2412 bene
633 2349 782 2412 merendi
809 2348 923 2413 dedit:
953 2349 1020 2432 qui,
1049 2349 1182 2433 quoties
1209 2369 1262 2414 res
1333 2329 1338 2350 ¹

147 2451 278 2534 exigat,
303 2453 482 2516 commode
506 2461 648 2536 possunt
674 2472 741 2516 non
772 2471 854 2516 sane
883 2452 1031 2518 doctoris
1061 2453 1123 2517 sibi
1149 2461 1261 2535 partes

145 2575 331 2634 assumere,
353 2557 413 2621 sed
441 2576 489 2632 ea,
516 2575 604 2640 quae
630 2556 693 2639 ipsi
721 2557 921 2638 acceperint,
937 2556 1107 2639 impertire
1133 2557 1264 2633 ceteris,

147 2660 388 2742 magistrorum
410 2659 485 2725 voei
506 2669 700 2724 resonantes
725 2668 899 2742 tamquam
928 2660 1049 2738 imago.
1076 2659 1166 2744 Quin
1193 2661 1262 2726 imo

145 2764 355 2847 privatorum
373 2783 475 2847 opera
491 2763 562 2827 visa
577 2773 629 2829 est
654 2764 808 2829 Patribus
825 2761 966 2828 Concilii
981 2761 1140 2827 Vaticani
1157 2783 1262 2848 usque

141 2849 238 2931 'adeo
268 2875 460 2949 opportuna
490 2885 530 2930 ac
568 2865 735 2950 frugifera,
771 2875 809 2930 ut
843 2885 978 2948 prorsus
1012 2866 1262 2948 deposcendam

145 2970 335 3034 iudicarint.
346 2969 467 3034 Omnes
477 2969 711 3055 clm'stifideles,
722 2970 865 3034 maxime
877 2990 951 3034 voro
960 2988 1020 3046 eos,
1031 2969 1091 3052 qui
1094 2981 1264 3052 praesunt,
1288 2971 1442 3078 mrim}

144 3073 203 3138 vel
225 3072 361 3138 docendi
394 3094 527 3137 munere
552 3073 759 3158 funguntur,
778 3084 843 3156 por
872 3073 995 3138 viscera
1026 3071 1101 3137 Iesu
1138 3073 1442 3180 constitilis=‚,01este

142 3178 354 3252 obtestamur,
376 3197 432 3240 noc
450 3197 513 3240 non
524 3177 668 3242 eiusdem
680 3177 747 3242 Dei
754 3187 789 3241 et
802 3177 992 3243 Solvotoris
1010 3179 1115 3242 nostri
1124 3179 1265 3243 auctori·
1288 3149 1420 3240 ‘iiiior

141 3292 215 3346 tato
226 3281 383 3358 iubemus,
403 3281 500 3345 atad
515 3281 572 3345 loos
591 3302 716 3346 errores
733 3303 755 3346 a
774 3292 887 3346 sancta
906 3282 1051 3347 Ecclesia
1069 3284 1222 3348 arcendos
1234 3295 1267 3349 et
1290 3267 1326 3302 '²⁰'

140 3384 374 3464 eliminandos,
383 3395 479 3468 atquo
486 3387 691 3468 purissimae
689 3386 778 3469 fidei
785 3386 887 3450 lucem
889 3387 1102 3468 parrdeodom
1112 3388 1261 3454 studium

141 3499 176 3553 et
195 3499 325 3571 operam
345 3489 517 3568 conferant
536 3489 588 3571 (³).
613 3488 769 3554 Ceterum
797 3508 905 3554 serere
932 3489 1032 3554 fidem
1059 3491 1260 3556 catholicam
1336 3512 1442 3572 Quisque

144 3594 350 3657 auctoritate
366 3592 525 3676 exempli,
540 3568 823 3676 professionisque
850 3595 1039 3658 constantia
1062 3595 1266 3677 praedicare,
1289 3573 1443 3678 {mn-ff

144 3696 293 3782 quisque
309 3715 345 3760 se
360 3715 459 3778 posse
484 3716 523 3760 ac
550 3696 672 3761 debere
690 3697 886 3761 meminerit.
902 3735 945 3748 -
971 3697 1011 3761 ln
1028 3695 1144 3762 officiis
1160 3699 1262 3781 igitur
1282 3691 1442 3796 ζξξξθῇξξζξ·

143 3819 238 3885 quae
253 3819 316 3863 nos
325 3800 469 3883 iungunt
479 3798 555 3863 Deo
565 3809 667 3883 atque
685 3800 864 3879 Ecclesiae,
875 3801 939 3864 hoc
952 3811 1003 3865 est
1019 3804 1263 3868 numerandum
1292 3815 1340 3856 rur.
1420 3785 1429 3796 ,

145 3903 313 3981 maxime,
347 3917 385 3966 ut
415 3903 448 3966 in
479 3903 619 3968 veritate
657 3904 838 3968 christiana
869 3907 1088 3988 propaganda
1127 3909 1262 3990 propul-

145 4007 334 4090 sandisque
368 4007 532 4071 erroribus
563 4006 713 4072 elaboret
744 4007 961 4090 singulorum,
991 4011 1103 4092 quoad
1145 4021 1268 4094 potest,

150 4109 337 4174 industria·

199 4212 333 4298 Quibus
356 4221 470 4278 tamen
492 4211 610 4278 officiis
634 4233 700 4277 non
728 4213 784 4290 ita,
812 4222 849 4277 ut
875 4223 1018 4295 oportet,
1042 4217 1211 4281 cumulate
1234 4229 1269 4285 ct

186 4373 206 4406 1.
221 4359 305 4414 Rom.
317 4369 343 4414 x,
356 4373 391 4418 14.
406 4373 439 4418 ¹7·
453 4384 483 4394 —
493 4373 514 4408 a.
527 4361 591 4413 Aet..
604 4369 649 4414 xx,
663 4363 699 4406 28„
712 4385 743 4394 —
751 4373 770 4418 3.
786 4359 881 4413 Const,
894 4359 943 4406 Dei
954 4361 1043 4414 Filius.
1054 4363 1100 4408 sub
1111 4362 1151 4408 fin.
