3354 4938
455 299 765 355 nacounmous
783 301 976 355 oerncvu.
1201 285 1270 377 183

163 502 265 566 quam
275 485 381 550 civilis
390 487 591 564 coniunctio,
601 486 713 570 priora
723 506 858 570 quoque
869 506 942 550 csse
954 487 1128 570 magisque
1141 497 1273 555 natura·
1335 497 1414 585 ,311

162 586 208 652 lia
220 588 291 653 iura
303 591 374 655 eius
389 589 565 675 officiaque
580 592 803 675 consequitur.
815 591 915 675 Quod
926 590 954 654 si
970 591 1068 668 cives,
1077 591 1105 654 si
1116 589 1273 672 familiae,
1344 595 1405 654 1891

163 694 335 758 convictus
345 694 1273 780 humanisocietatisqueparticipessactaeproadiumen-

164 805 201 859 to
209 795 440 877 offensionem,
448 819 509 881 pro
518 799 625 864 tutela
637 799 896 864 diminutionem
909 798 988 862 iuris
997 797 1048 861 sui
1059 797 1092 862 in
1103 800 1273 883 republica

163 903 354 984 reperirent,
369 902 571 968 fastidienda
586 904 694 982 citius,
709 922 810 986 quam
827 902 977 986 optanda
992 901 1133 966 societas
1146 915 1241 971 esset.
1358 951 1454 998 raama

208 1003 305 1068 Velle
320 1005 422 1088 igitur
437 1015 475 1070 ut
489 1007 651 1089 pervadat
666 1007 763 1098 civile
779 1006 955 1088 imperium
971 1005 1132 1070 arbitratu
1145 1026 1207 1071 suo
1218 1027 1272 1072 us·
1315 1011 1443 1116 ἀίοηιίιννιιηιΙ

164 1126 230 1190 que
244 1110 287 1174 ad
305 1111 423 1174 intima
439 1111 626 1190 domorum,
637 1130 779 1194 magnus
790 1130 828 1175 ac
845 1109 1049 1192 perniciosus
1065 1120 1116 1174 est
1131 1131 1272 1174 erron-
1298 1078 1455 1189 mim

165 1211 264 1278 Certe
279 1215 307 1278 si
324 1235 390 1297 qua
406 1215 490 1280 sorte
506 1214 632 1279 familia
648 1215 682 1278 in
699 1235 831 1279 summa
853 1233 962 1278 rerum
984 1213 1179 1278 difficultate
1195 1234 1273 1278 con·
1299 1189 1455 1296 maza

163 1313 296 1398 siliique
310 1317 425 1400 inopia
440 1325 596 1395 versetur,
612 1326 649 1381 ut
663 1317 743 1382 inde
757 1337 793 1381 se
804 1319 878 1401 ipsa
893 1317 1054 1399 expedire
1066 1317 1158 1382 nullo
1174 1328 1273 1402 pacto
1311 1308 1439 1414 ξξῗξζξῇ·

163 1419 281 1498 possit,
296 1429 423 1484 rectum
447 1431 498 1485 est
521 1421 689 1485 subveniri
713 1420 847 1504 publice
870 1420 967 1485 rebus
991 1421 1165 1486 extremis:
1197 1429 1275 1486 sunt
1303 1427 1453 1496 vastantu-

164 1520 254 1586 euim
271 1522 417 1588 familiae
429 1523 581 1608 singulae
592 1544 670 1608 pars
682 1527 848 1608 quaedam
861 1524 1014 1589 civitatis.
1025 1524 1080 1589 Ac
1092 1523 1162 1608 pari
1174 1525 1275 1588 modo
1302 1493 1390 1546 mam.

163 1625 272 1690 sicubi
286 1627 374 1692 intra
389 1628 593 1693 domesticos
608 1629 753 1713 parietes
770 1629 880 1712 gravis
896 1628 1046 1694 extiterit
1069 1629 1275 1710 perturbatio
1302 1645 1384 1714 vetat
1396 1646 1451 1691 ven·

163 1728 286 1794 iurium
304 1739 507 1811 mutuorum,
521 1753 618 1798 suum
635 1733 756 1816 cuique
771 1735 823 1798 ius
838 1742 989 1815 potestas
1012 1731 1146 1814 publica
1168 1732 1275 1798 vindi·
1297 1703 1413 1822 {³2⁶7ssss

163 1840 258 1912 cat03
275 1851 383 1918 neque
399 1835 488 1899 enim
504 1835 568 1900 hoc
586 1846 636 1900 est
652 1838 695 1901 ad
712 1857 748 1901 se
763 1856 880 1920 rapere
895 1838 966 1900 iura
981 1837 1112 1913 civium,
1127 1836 1186 1902 sed
1203 1857 1275 1902 mu·
1296 1822 1367 1881 sm*

164 1936 237 2000 nire
252 1947 354 2022 atque
369 1938 500 2004 firmare
516 1941 603 2005 iusta
625 1939 807 2024 debitaque
822 1940 936 2006 tutela.
954 1939 1021 2005 Hic
1037 1949 1150 2004 tamen
1167 1940 1275 2004 consi·

162 2049 255 2104 stant
272 2063 407 2108 necesse
422 2055 482 2122 est,
497 2045 554 2129 qui
571 2046 719 2128 praesint
747 2047 846 2110 rebus
861 2044 1017 2129 publicis:
1033 2044 1095 2109 hos
1111 2046 1274 2110 excedere
1314 2063 1317 2071 “

163 2141 247 2208 lines
261 2157 382 2213 natura
394 2169 462 2213 non
475 2151 608 2232 patitur.
621 2149 734 2215 Patria
746 2157 898 2233 potestas
914 2157 964 2214 est
976 2148 1150 2227 eiusmodi,
1165 2157 1201 2213 ut
1212 2169 1273 2215 nec

162 2247 327 2332 extingui,
344 2271 452 2334 neque
476 2251 646 2316 absorberi
662 2272 683 2316 a
698 2252 872 2336 republica
898 2249 1014 2334 possit,
1029 2250 1107 2334 quia
1133 2251 1223 2314 idem
1240 2260 1274 2316 et
1504 2329 1507 2338 ,

161 2369 341 2418 commune
361 2355 464 2422 habet
487 2375 563 2420 cum
588 2357 663 2440 ipsa
686 2357 862 2421 hominum
878 2355 948 2420 vita
965 2353 1174 2437 principium.
1188 2353 1276 2419 Filii
1308 2335 1373 2439 {12¹}
1383 2349 1450 2440 ᾖξ’*

158 2465 240 2520 sunt
252 2458 385 2540 aliquid
390 2458 509 2542 patris,
524 2468 559 2523 et
581 2459 673 2524 velut
700 2469 860 2543 paternae
882 2457 1099 2541 amplificatio
1115 2458 1270 2541 quaedam
1297 2453 1361 2512 ΨΜ
1394 2455 1450 2506 m·

1312 2527 1348 2557 me
1370 2513 1432 2558 'ante

160 2577 326 2640 personas:
343 2564 544 2646 proprieque
566 2563 658 2646 loqui
673 2564 701 2627 si
717 2563 883 2641 volumus,
897 2581 965 2627 non
990 2561 1053 2645 ipsi
1077 2581 1136 2644 per
1151 2581 1195 2640 se,
1210 2562 1269 2626 sed
1288 2571 1449 2642 sqmata‚ft-

158 2682 220 2745 per
233 2667 511 2733 communitatem
537 2668 767 2747 domesticam,
783 2669 816 2734 in
834 2688 901 2752 qua
924 2666 1074 2750 generati
1089 2673 1177 2744 sunt,
1192 2665 1270 2731 civi·
1295 2632 1448 2737 weliz:

158 2765 225 2832 lem
249 2771 366 2836 ineunt
389 2792 428 2836 ac
451 2773 654 2856 participant
676 2771 883 2839 societatem.
906 2771 1023 2855 Atque
1045 2770 1108 2834 hac
1131 2769 1204 2852 ipsa
1226 2771 1270 2834 de
1295 2754 1374 2796 Μ

158 2890 285 2952 caussa,
300 2876 390 2959 quod
409 2875 465 2940 filii
482 2887 560 2942 sunt
576 2878 778 2942 naturaliter
789 2875 923 2960 aliquid
927 2874 1080 2958 patris...
1093 2883 1269 2956 antequam
1294 2909 1429 2956 smum

157 2997 255 3043 usum
269 2979 367 3044 liberi
386 2979 525 3044 arbitrii
546 2979 694 3058 habeant,
717 2981 923 3046 continentur
946 2979 1006 3044 sub
1024 2987 1201 3061 parentum
1215 2998 1267 3041 cu·
1293 2983 1349 3074 {¹22²
1367 2969 1443 3016 Μ’

159 3101 199 3146 ra
213 3081 267 3167 (1).
278 3083 379 3167 Quod
393 3084 494 3167 igitur
507 3084 709 3161 Sociallstae,
718 3084 913 3168 posthabita
925 3082 1135 3168 providentia
1150 3101 1267 3165 paren·
1289 3034 1444 3192 51?anss

158 3193 242 3264 tum,
264 3185 482 3252 introducunt
506 3187 752 3270 providentiam
778 3187 990 3273 reipublicae,
1016 3186 1142 3251 faciunt
1156 3193 1268 3250 contra
1292 3160 1396 3194 som.

157 3286 323 3354 iustitiam
338 3290 533 3369 naturalem,
548 3312 587 3356 ac
602 3291 782 3356 domorum
797 3291 1033 3373 compaginem
1049 3288 1245 3353 dissolvunt

201 3391 255 3458 Ac
271 3403 403 3482 praeter
427 3392 635 3471 iniustitiam,
650 3393 750 3458 nimis
771 3394 875 3459 etiam
903 3400 1042 3476 apparet
1056 3391 1164 3474 qualis
1181 3399 1268 3454 esset
1292 3409 1318 3463 20
1329 3405 1443 3476 smara-

156 3497 309 3560 omnium
326 3497 481 3561 ordinum
495 3497 716 3563 commutatio
733 3496 1222 3579 perturbatioque,quamdura
1233 3503 1268 3559 et
1291 3468 1444 3569 mm

156 3598 275 3663 odiosa
290 3601 432 3665 servitus
458 3599 582 3665 civium
598 3610 826 3667 consecutura.
842 3600 968 3666 Aditus
988 3599 1031 3662 ad
1048 3600 1265 3664 invidentiam
1292 3583 1446 3689 {2²:11le

157 3709 321 3778 mutuam,
331 3703 374 3765 ad
386 3702 648 3767 obtrectationes
660 3711 695 3767 et
705 3702 889 3767 discordias
901 3699 1089 3784 patefieret:
1100 3700 1266 3782 ademptis
1291 3700 1432 3805 {mxl

156 3801 294 3886 ingenio
320 3805 528 3888 singulorum
555 3804 790 3888 sollertiaeque
815 3804 968 3880 stimulis,
984 3803 1046 3884 ipsi
1073 3803 1265 3868 divitiarum
1292 3792 1423 3866 „estant

156 3904 267 3972 fontes
284 3909 471 3974 necessario
487 3918 734 3975 exarescerent:
752 3929 867 3992 eaque,
882 3927 984 3991 quam
1001 3905 1267 3989 finguntcogita·

156 4007 260 4088 tione,
269 4011 499 4093 aequabilitas,
510 4011 600 4076 aliud
612 4028 725 4076 revera
737 4031 804 4075 non
820 4021 909 4074 esset
920 4009 982 4073 nisi
995 4011 1146 4073 omnium
1159 4009 1266 4073 homi·

158 4133 357 4199 numaeque
380 4115 500 4179 misera
509 4124 610 4198 atque
620 4115 787 4199 ignobilis,
797 4114 889 4179 nullo
899 4113 1101 4192 discrimine,
1109 4113 1269 4180 conditio.

159 4251 203 4267 -
213 4217 272 4281 Ex
284 4219 405 4300 quibus
415 4218 572 4283 omnibus
582 4219 788 4301 perspicitur,
804 4218 885 4281 illud
904 4213 1094 4282 Socralr'smi
1107 4217 1267 4297 placitum

172 4311 1271 4408 m
