3352 4926
439 305 490 356 ns
508 305 630 355 rnnvn
648 305 790 359 buntur
808 305 1117 360 consumamus.
1255 288 1326 375 269

267 489 388 572 Inepta
403 485 505 552 etiam
518 496 620 569 atque
635 487 775 570 indigna
798 485 941 570 sapienti
965 487 1039 552 viro
1053 507 1170 552 eorum
1187 499 1240 554 est
1255 489 1326 572 opi·
1361 495 1499 580 ssr'r'snn

220 592 287 668 nio,
301 590 358 673 qui
371 598 448 655 utut
462 599 598 673 togatos
612 590 702 655 cives
714 591 757 654 ab
769 591 832 655 hoc
848 609 971 673 genere
979 593 1202 656 certaminum
1213 610 1325 656 arcen·
1396 586 1462 644 ¹39¹·

218 697 282 758 dos
297 701 427 777 putent,
443 713 482 757 ea
498 702 612 757 tamen
643 693 869 776 permittenda
893 691 1031 759 censent
1048 694 1219 771 militibus,
1235 696 1323 776 quod
1377 695 1506 740 Damnar-

219 797 278 862 tali
294 794 538 862 exercitatione
552 797 627 860 acui
642 797 758 860 dicant
774 795 951 861 militarem
981 797 1149 863 virtutem.
1178 797 1324 861 Primum
1352 753 1411 856 ῗῖιῗ
1418 756 1504 859 effl-

218 901 355 984 quidem
372 898 514 964 honesta
529 909 564 964 et
578 899 690 982 turpia
699 903 819 964 natura
834 897 1003 976 differunt,
1024 919 1084 964 nec
1109 901 1142 964 in
1159 899 1325 965 contraria
1352 873 1450 990 2253,
1474 888 1505 978 ’,ζ

221 1005 344 1070 mutari
355 1003 400 1068 ob
411 1004 579 1068 diversum
596 1024 812 1088 personarum
830 1013 955 1069 statum
973 1004 1042 1070 ullo
1055 1015 1156 1088 pacto
1176 1015 1326 1088 possunt.
1352 992 1447 1049 miani·

220 1107 371 1172 Omnino
385 1106 548 1184 homines,
566 1107 599 1170 in
627 1127 838 1190 quacumque
853 1108 1048 1174 conditione
1059 1109 1325 1188 vitae,divinaac
1367 1151 1455 1196 Mam,
1465 1152 1503 1197 n-

221 1209 364 1274 naturali
380 1209 453 1294 lege
468 1228 586 1273 omnes
601 1211 673 1293 pari
704 1211 807 1274 modo
832 1220 998 1277 tenentur.
1030 1213 1206 1277 Praeterea
1239 1211 1325 1275 ratio
1351 1209 1460 1314 Questus
1474 1211 1503 1257 tn

221 1312 596 1396 huiusceindulgentiae
608 1333 688 1396 erga
698 1314 821 1378 milites
833 1314 1028 1380 abutilitate
1040 1316 1325 1399 publicapetenda
1378 1302 1383 1321 ¹

220 1415 314 1494 soret,
328 1435 416 1498 quae
430 1435 602 1499 nunquam
619 1424 715 1480 tanta
730 1435 804 1480 esse
815 1425 937 1499 potest,
952 1427 990 1482 ut
1010 1419 1081 1482 eius
1108 1418 1250 1482 obtentu
1266 1437 1323 1481 na·
1405 1428 1503 1498 uilitas

220 1519 336 1583 turalis
353 1519 524 1602 divinique
540 1519 619 1584 iuris
635 1540 704 1584 vox
720 1519 931 1584 conticescat.
948 1520 1049 1603 Quid,
1065 1522 1156 1604 quod
1172 1522 1245 1603 ipsa
1261 1521 1324 1584 uti·
1348 1486 1504 1594 minam

218 1621 321 1687 litatis
337 1621 423 1685 ratio
438 1619 618 1686 manifesto
631 1620 768 1685 deficit?
785 1621 874 1685 Nam
891 1621 1045 1687 militaris
1058 1620 1191 1686 virtutis
1207 1621 1321 1684 incita·
1349 1611 1452 1711 {5225
1491 1621 1503 1652 ‘

217 1735 333 1791 menta
347 1746 389 1790 eo
406 1735 560 1808 spectant
575 1735 613 1790 ut
637 1725 754 1790 civitas
770 1726 813 1790 sit
823 1727 982 1790 adversus
993 1726 1107 1790 hostes
1123 1727 1322 1791 instructior.

219 1832 303 1896 ldne
317 1850 398 1894 vero
409 1829 493 1892 effici
504 1831 628 1912 poterit
643 1849 708 1911 ope
720 1829 808 1893 illius
823 1829 1086 1909 consuetudinis,
1100 1849 1188 1913 quae
1203 1840 1322 1914 suapte

217 1948 338 2002 natura
348 1959 390 2001 eo
400 1947 531 2020 spectat
540 1947 578 2001 ut
590 1936 728 2001 suborto
741 1936 827 2000 inter
836 1937 958 2001 milites
971 1937 1215 2014 dissidi0‚cuius
1227 1956 1321 2000 caus-

218 2062 275 2106 sae
290 2041 381 2105 haud
394 2061 487 2105 rarae
507 2051 625 2118 sunt,e
639 2039 779 2123 singulis
796 2041 946 2123 partibus
961 2040 1175 2104 defensorum
1192 2039 1319 2122 patriae

216 2154 354 2210 necetur
363 2144 540 2209 alteruter?

258 2251 434 2314 Postremo
449 2269 563 2313 recens
579 2257 681 2327 aetas,
695 2269 782 2333 quae
809 2269 845 2312 se
869 2248 972 2314 iactat
999 2247 1196 2314 humaniore
1226 2249 1316 2314 cultu
1344 2297 1377 2344 du
1398 2242 1497 2301 ΗΜ

1378 2301 1452 2346 ellum

214 2373 414 2436 morumque
423 2353 589 2436 elegantia
605 2353 706 2435 longe
717 2352 942 2435 superioribus
958 2353 1099 2416 saeculis
1111 2353 1318 2434 antecellere,
1342 2361 1495 2466 mma

212 2459 306 2542 parvi
316 2459 462 2540 pendere
470 2457 654 2521 vetustiora
664 2457 819 2521 instituta
832 2457 1006 2522 consuevit
1016 2477 1054 2520 ac
1065 2457 1207 2520 nimium
1217 2477 1317 2540 saepe
1336 2479 1465 2535 ,ιιιιιιιει

212 2581 368 2644 respuere
382 2559 545 2644 quidquid
558 2579 634 2623 cum
651 2559 762 2624 colore
778 2560 943 2642 discrepet
968 2561 1159 2624 recentioris
1185 2561 1316 2626 urbani.
1342 2537 1427 2584 miss·

211 2666 301 2732 tatis.
314 2663 404 2748 Quid
421 2673 472 2728 est
486 2665 587 2747 igitur
602 2665 693 2747 quod
706 2665 767 2730 has
779 2665 1018 2730 tantummodo
1033 2665 1174 2730 rudioris
1190 2667 1262 2732 aevi
1278 2687 1317 2731 ac

213 2768 409 2851 peregrinae
423 2767 597 2832 barbariae
613 2767 778 2850 ignobiles
789 2766 954 2850 reliquias,
963 2767 1066 2832 duelli
1077 2787 1205 2834 morem
1222 2771 1317 2835 intel·

212 2873 357 2956 ligimus,
373 2872 405 2935 in
423 2879 519 2936 tanto
534 2870 753 2937 humanitatis
769 2872 883 2936 studio
895 2891 962 2935 non
979 2872 1157 2954 repudiat?

256 2975 417 3040 Vestrum
432 2974 505 3052 erit,
519 2972 739 3038 Venerabiles
770 2973 913 3051 Fratres,
938 2973 1031 3050 haec,
1061 2993 1147 3056 quae
1173 2974 1317 3039 breviter
1373 2995 1495 3044 stimulat

213 3077 564 3162 attigimus,inculcare
574 3077 753 3160 diligenter
767 3077 968 3159 populorum
985 3086 1170 3140 vestrorum
1187 3077 1317 3155 animis,
1342 3056 1495 3162 didm.

212 3203 256 3248 ne
270 3183 371 3247 salsas
387 3180 449 3246 hac
461 3181 504 3244 de
520 3201 555 3245 re
566 3181 741 3264 opiniones
757 3190 882 3256 temere
899 3180 1079 3263 excipiant,
1092 3201 1156 3245 neu
1181 3180 1257 3246 ferri
1281 3203 1316 3247 se
1341 3174 1498 3280 ffissmff

212 3286 375 3350 leviorum
391 3284 565 3348 hominum
582 3283 707 3348 iudicio
721 3284 901 3368 patiantur.
912 3283 1002 3347 Date
1014 3304 1150 3366 operam
1163 3285 1315 3351 nomina·
1341 3293 1494 3398 mansuile

211 3389 274 3455 tim
289 3398 328 3454 ut
342 3389 478 3452 iuvenes
495 3395 624 3452 mature
654 3398 847 3454 assuescant
873 3389 907 3453 id
934 3389 977 3453 de
997 3388 1110 3455 duello
1136 3390 1260 3456 sentire
1283 3400 1316 3454 et
1342 3416 1405 3514 ⁶⁰34
1431 3419 1494 3480 prse-

1341 3484 1381 3516 ser
1391 3485 1425 3514 rm
1451 3485 1494 3530 Ju-

213 3493 360 3558 iudicare
375 3492 476 3575 quod,
490 3491 723 3556 consentiente
738 3491 883 3556 naturali
898 3490 1120 3576 philosophia,
1136 3493 1262 3560 iudicat
1277 3515 1316 3558 ac
1342 3543 1437 3575 mum,

211 3595 315 3661 sentit
332 3594 495 3671 Ecclesia;
506 3594 551 3658 ab
565 3613 673 3678 eoque
689 3595 813 3676 iudicio
824 3615 976 3660 normam
992 3597 1115 3680 agendi
1124 3606 1317 3662 constanter

211 3697 471 3762 sumantlmmo
486 3715 555 3779 quo
571 3697 673 3762 modo
689 3697 811 3762 alicubi
828 3708 998 3782 receptum
1014 3700 1255 3765 consuetudine
1265 3713 1316 3765 est
1342 3688 1504 3806 mm}

211 3812 248 3867 ut
264 3801 419 3867 catholici
435 3801 630 3900 praesertim
655 3800 805 3866 florentis
835 3803 954 3868 aetatis
970 3802 1033 3867 sibi
1049 3813 1171 3887 sponte
1199 3824 1315 3888 perpe·
1333 3807 1495 3912 {tisim}-

212 3917 338 3990 tuoque
353 3903 556 3970 interdicant
571 3921 694 3968 nomen
711 3905 793 3970 dare
811 3905 1028 3971 societatibus
1058 3925 1126 3971 non
1156 3905 1315 3987 honestis,
1340 3926 1370 3971 ιιι
1387 3925 1474 3972 auctu.

209 4009 283 4095 pari
299 4009 402 4074 modo
416 4015 644 4089 opportunum
660 4007 814 4072 ducimus
829 4029 869 4073 ac
884 4008 982 4073 valde
1001 4009 1155 4088 salutare,
1177 4013 1314 4078 eosdem

212 4114 306 4180 velut
322 4112 439 4178 locdus
449 4113 535 4176 inter
549 4131 585 4176 se
601 4109 720 4190 lacere,
735 4113 816 4178 data
832 4112 898 4178 fide
909 4113 1003 4179 nullo
1017 4135 1053 4178 se
1069 4124 1221 4199 tempore
1244 4119 1316 4182 nul-

214 4221 314 4302 lique
328 4217 372 4282 de
388 4233 506 4280 caussa
520 4213 633 4279 duello
647 4215 877 4283 dimicaturos.

257 4319 435 4402 Supplices
458 4337 480 4382 a
506 4315 582 4383 Deo
606 4317 751 4401 petimus
777 4329 815 4386 ut
844 4321 1036 4386 communia
1059 4333 1181 4389 conata
1205 4335 1317 4390 nostra
