3352 4926
532 307 653 356 INDEX
680 305 931 357 ANALYTICUS.
1214 299 1285 370 299

1231 445 1285 497 Ρη.

250 529 383 602 Quinque
393 545 476 585 novae
489 530 572 586 sedes
582 532 642 601 jam
660 541 782 597 erectae;
796 529 847 586 sed
863 546 920 584 non
933 525 1076 584 sufficiunt
1090 539 1214 596 232·233.

249 609 427 664 -Omnibus
436 607 489 664 rite
498 609 663 680 praemissis,
676 610 713 665 de
725 610 856 664 consulto
869 625 903 664 ac
916 621 1058 665 consensu
1070 621 1168 660 eorum
1178 604 1215 657 ad

249 704 321 759 quos
333 698 452 758 spectat,
467 689 598 744 Pontifex
617 689 700 759 erigit
711 705 816 744 novam
837 686 1028 745 hierarchiam
1041 699 1122 754 233⁴
1125 698 1168 754 34.
1181 710 1216 721 -

251 768 340 824 Sedes
353 767 389 822 de
396 768 607 840 Antequera‚de
617 768 734 823 Linares
744 779 773 824 et
781 769 818 824 de
828 769 965 837 Durango
978 765 1016 820 ad
1025 764 1215 835 archiepisco-

250 847 344 918 palem
357 863 391 902 ac
411 847 661 918 metropolitanum
683 847 803 917 gradum
824 847 1018 918 provehuntur
1039 859 1099 914 234.
1122 873 1158 882 -
1182 842 1215 896 In

251 926 403 982 Mcxicana
411 926 519 981 ditione
532 925 657 997 quinque
673 943 756 981 novae
769 925 852 982 sedes
868 924 1046 996 episcopales
1064 931 1214 977 creantur:

249 1023 266 1059 a
284 1005 462 1073 Chihuahua,
476 1021 493 1060 a
507 1004 626 1072 Saltillo‚
639 1021 656 1059 a
669 1005 768 1075 Tepic,
785 1023 803 1060 a
816 1006 1008 1073 Cuernavaca,
1022 1019 1040 1058 a
1052 1003 1213 1058 Tehuante·

249 1101 309 1155 pec,
322 1101 441 1155 quarum
455 1084 526 1139 fines
546 1082 753 1152 describuntur,
765 1093 795 1140 et
816 1084 960 1139 cathedrae
973 1082 1133 1139 conduntur
1153 1095 1213 1150 234·

249 1191 285 1202 -
296 1162 486 1232 Antiquarum
507 1162 618 1217 sedium
631 1163 803 1219 mutationes
816 1163 992 1219 diffiniuntur
1001 1174 1061 1232 237.
1075 1190 1110 1200 -
1121 1163 1217 1215 Nova-

249 1257 310 1296 rum
324 1241 435 1296 sedium
448 1241 528 1311 paria
540 1258 605 1296 curn
618 1241 742 1313 antiquis
752 1241 817 1314 jura
829 1243 886 1298 sint
900 1257 915 1297 2
920 1243 960 1310 38.
971 1269 1007 1281 -
1022 1241 1114 1297 Novae
1132 1239 1216 1296 sedes

248 1320 408 1375 liberalitati
423 1320 548 1376 fidelium
560 1322 798 1377 commendantur
810 1322 870 1390 238.
880 1351 915 1362 -
928 1321 960 1376 ln
971 1336 1084 1392 quaque
1098 1319 1215 1375 dioecesi

250 1398 374 1469 erigatur
386 1398 569 1454 seminarium
582 1399 620 1454 ad
632 1409 759 1456 mentem
771 1397 931 1456 Tridentini
949 1399 1010 1469 238.
1024 1427 1060 1438 -
1080 1399 1219 1455 Doctrina

250 1477 381 1548 Angelici
404 1477 540 1533 Doctnris
561 1476 645 1533 ineis
668 1495 727 1548 prae
746 1479 879 1535 omnibus
900 1477 1010 1534 colatur
1023 1491 1084 1547 239.
1101 1479 1218 1548 -Jura

250 1557 418 1612 Antistitum
431 1573 465 1612 ac
478 1573 597 1612 munera
617 1557 686 1628 ipsis
699 1559 835 1614 obeunda
850 1559 1026 1630 explicantur
1039 1573 1054 1612 2
1057 1572 1099 1627 39.
1118 1585 1153 1600 -
1173 1558 1218 1610 ln·

250 1635 359 1691 stitutio
376 1637 514 1692 scholaris
527 1636 670 1707 praecipue
683 1654 781 1692 eorum
794 1638 853 1693 zelo
871 1635 1090 1693 commendatur
1103 1650 1163 1702 240
1184 1665 1219 1674 -

184 1771 188 1778 ,
251 1717 379 1771 Foveant
401 1717 516 1786 insuper
536 1715 651 1770 ordines
673 1717 821 1787 religiosos
840 1731 900 1783 240.
920 1747 956 1758 -
974 1716 1048 1773 Atiae
1070 1715 1218 1774 canonicae

251 1795 437 1850 lormalitates
456 1793 609 1865 implentur
621 1809 681 1861 240.
694 1826 729 1835 -
743 1794 958 1851 Distribuuntur
989 1795 1130 1852 Ecclesiae
1147 1796 1219 1850 inter

251 1873 513 1945 archiepiscopatus
534 1889 594 1941 241.
614 1904 650 1914 -
672 1875 729 1930 Hae
741 1874 842 1930 litterae
859 1874 948 1930 firmae
968 1891 1002 1929 ac
1024 1884 1095 1930 ratae
1111 1875 1219 1930 haben-

253 1953 299 2008 dae
311 1967 373 2021 241,
386 1952 628 2008 Guadalaxarensi
640 1953 864 2024 Archiepiscopo
877 1955 1066 2026 exsequendae
1082 1954 1220 2010 mandan-

254 2043 300 2086 tur
312 2045 372 2098 242.

218 2153 268 2206 56.
290 2154 499 2205 EPISTOLA
512 2153 554 2204 ad
568 2153 836 2217 Archleplscopos
851 2159 883 2205 et
896 2154 1074 2217 Eplseopos
1086 2155 1220 2206 Lusita-

182 2243 256 2292 1120.
277 2240 325 2291 De
344 2241 442 2291 rebus
459 2240 629 2291 catholicis
647 2241 682 2290 111
704 2242 888 2292 Lusltanla.
907 2265 944 2276 -
962 2241 1005 2292 25
1020 2242 1111 2305 junll
1131 2242 1217 2294 1891.
1240 2237 1292 2304 246

289 2353 419 2410 Pontifex
430 2352 528 2408 laudat
549 2363 614 2408 acta
626 2351 655 2407 in
678 2352 784 2409 recenti
804 2363 945 2409 conventu
966 2353 1100 2408 Bracetae
1122 2353 1221 2408 habita

254 2433 314 2500 246.
330 2463 366 2473 -
380 2433 452 2488 Inde
464 2431 646 2487 occasionem
659 2431 744 2488 sumit
758 2442 788 2487 ut
803 2431 906 2487 iterum
918 2433 955 2488 de
967 2433 1052 2488 rebus
1066 2432 1220 2488 Lusitaniae

253 2529 319 2568 cum
331 2511 460 2583 ejusdem
479 2511 654 2567 antistitibus
668 2521 734 2581 agat
748 2509 808 2577 246.
820 2541 856 2551 -
870 2511 950 2567 Mala
965 2521 1134 2582 temporum,
1148 2528 1219 2582 prae-

253 2591 351 2648 sertim
364 2589 434 2645 fides
444 2591 473 2645 in
483 2589 637 2644 discrimen
647 2600 757 2660 vocata,
767 2607 894 2660 congrua
902 2591 1030 2646 remedia
1040 2591 1220 2660 expostulant

254 2683 359 2736 247.-
367 2670 439 2740 Quae
451 2679 482 2724 ut
494 2668 637 2724 efficacius
647 2669 835 2739 applicentur,
844 2669 998 2726 concordia
1009 2669 1134 2741 perlecta
1147 2669 1221 2724 inter

254 2748 406 2804 Antistites
418 2748 539 2803 multum
552 2758 669 2818 praestat
682 2763 741 2816 247.
751 2777 788 2788 -
800 2748 846 2803 Ad
864 2749 939 2804 hanc
954 2766 1022 2805 vera
1034 2749 1219 2804 concordiam

255 2829 378 2886 maxime
398 2826 547 2883 conferunt
570 2827 779 2898 Episcoporum
804 2839 961 2884 conventus
986 2827 1073 2883 annui
1099 2842 1159 2895 247.
1185 2857 1220 2867 —

257 2909 351 2980 Hujus
363 2905 548 2964 institutionis
561 2907 667 2962 fructus
680 2917 875 2977 exponuntur:
887 2909 966 2964 Unio
978 2907 1069 2977 major
1082 2907 1155 2962 inter
1168 2908 1221 2961 Pa·

258 2999 349 3045 stores
362 2998 448 3058 atque
464 3001 565 3056 greges
577 3005 584 3052 ;
603 2986 771 3042 deliberatio
784 2987 943 3043 communis
956 2987 994 3042 de
1012 2987 1097 3041 rebus
1115 2987 1221 3040 condu-

256 3066 385 3124 centibus
397 3066 435 3121 ad
451 3065 611 3120 animorum
632 3064 870 3132 informationem,
883 3065 1042 3136 praesertim
1061 3064 1137 3135 cleri,
1155 3081 1221 3120 nec·

256 3164 314 3202 non
334 3146 423 3218 ipsius
436 3143 546 3216 populis
562 3143 679 3214 insuper
690 3143 804 3199 favendi
818 3143 942 3214 religiosi
955 3143 1070 3199 ordines
1087 3143 1222 3214 perutiles

254 3234 315 3280 tum
327 3224 357 3279 in
369 3240 457 3294 regno
472 3220 634 3290 Lusitaniae,
647 3231 708 3276 tum
724 3221 752 3276 in
771 3223 934 3292 regionibus
954 3222 1007 3292 ipsi
1022 3222 1144 3278 subditis
1157 3223 1218 3288 248-

255 3319 316 3373 249.
332 3332 368 3343 -
380 3302 494 3358 Avitam
507 3300 690 3358 traditionem
705 3300 851 3358 Lusitania
863 3303 1006 3358 catholica
1027 3302 1138 3358 facilius
1160 3319 1220 3358 ser-

255 3383 335 3439 vabit
353 3396 413 3450 249.
434 3411 470 3422 -
490 3381 636 3441 sodalitiis
658 3380 798 3451 religiosis
817 3382 924 3452 adjuta,
947 3381 1062 3437 larente
1085 3382 1223 3451 gubernio

260 3462 405 3530 Lusitano,
418 3461 519 3519 Eccles
533 3459 725 3530 iareipublicae
738 3458 945 3515 validissimum
962 3460 1137 3532 praesidium,
1151 3462 1223 3532 opti·

259 3557 371 3596 morum
391 3539 495 3596 civium
516 3540 660 3612 magistra,
675 3539 698 3593 si
718 3547 815 3594 tamen
835 3539 967 3595 libertate
978 3539 1124 3610 gaudeat3
1145 3539 1221 3611 quod

257 3622 285 3677 in
300 3620 447 3676 Lusitania
459 3621 603 3691 praecipue
615 3618 740 3673 ostendit
763 3631 888 3688 249252
903 3647 937 3660 ·-
952 3619 1093 3674 Recolens
1114 3635 1221 3689 praece-

255 3702 356 3757 dentes
369 3715 435 3754 suas
448 3700 487 3754 ad
496 3701 646 3756 Lusitanos
659 3696 809 3770 episcopos
823 3698 940 3767 litteras,
949 3696 1091 3767 simulque
1101 3699 1221 3768 gloriam

253 3779 347 3850 gentis
356 3779 508 3848 Lusitanae,
520 3779 659 3834 doctrinae
671 3776 821 3833 catholicae
833 3777 892 3832 vim
902 3779 1025 3834 maxime
1035 3778 1219 3835 commendat

254 3869 316 3927 ²5¹·
329 3885 364 3897 -
375 3857 472 3912 Zelum
485 3857 652 3913 Antistitum
665 3855 763 3910 laudat
775 3866 860 3927 atque
874 3856 1001 3912 stimulat
1010 3872 1026 3911 2
1031 3869 1073 3927 51.

219 3985 501 4038 5121121012
522 3985 564 4035 ad
591 3983 884 4047 arehiepiscopum
911 3983 1146 4035 Trevlnenssm.
1175 3984 1223 4034 De

183 4087 278 4129 saera
296 4073 336 4125 D.
358 4073 397 4124 N.
420 4071 662 4125 Tanton-11
678 4071 757 4135 julil
776 4071 862 4122 1891.
1191 4079 1294 4138 253

293 4180 423 4237 Pontifex
439 4181 546 4251 gaudet
559 4197 670 4235 sacram
686 4171 722 4235 D.
738 4181 775 4235 N.
793 4179 933 4234 Tunicam
953 4178 990 4232 ad
1010 4178 1222 4233 venerationem

255 4259 380 4316 fidelium
392 4275 459 4315 mox
472 4259 611 4330 majorum
632 4275 711 4313 more
723 4258 940 4329 proponendam
958 4269 1020 4326 253.
1041 4287 1075 4296 -
1091 4257 1221 4327 Dignita·

257 4350 315 4395 tem
327 4355 361 4395 ac
373 4338 480 4396 fructus
492 4337 575 4408 hujus
588 4336 693 4408 publici
704 4337 795 4392 cultus
809 4336 932 4393 celebrat
947 4350 1007 4406 253.
1020 4366 1056 4376 —
1070 4333 1174 4391 Leonis
1187 4337 1223 4402 X,
