3354 4938
479 251 530 304 oe
548 249 789 304 counrrroua
806 249 1000 302 orrsrcurr.
1035 220 1043 240 '
1219 249 1292 320 209

182 425 353 490 enitantur
375 427 514 505 ratione,
541 446 684 510 quorum
709 446 760 491 res
793 427 912 510 agitur,
934 425 1126 510 proletarii:
1149 445 1296 509 cumque
1360 441 1440 530 MJH

182 529 309 612 religio,
324 541 361 595 ut
374 531 472 596 initio
487 531 648 610 diximus,
658 529 786 594 malurn
797 529 920 612 pellere
932 528 1083 594 funditus
1098 529 1170 594 sola
1181 532 1297 614 possit,
1367 540 1431 599 1891·

182 630 265 698 illud
282 643 438 716 reputent
453 635 608 713 universi,
624 635 658 697 in
681 634 800 715 primis
815 633 991 698 instaurari
1020 653 1130 697 mores
1144 633 1296 698 christia-

183 757 246 800 nos
269 749 435 822 oportere,
460 741 532 805 sine
555 740 676 822 quibus
699 759 740 803 ea
764 739 837 821 ipsa
861 759 955 802 arma
980 738 1188 822 prudentiae,
1210 759 1297 822 quae

184 841 335 906 maxime
349 852 512 926 putantur
533 843 664 921 idonea,
686 863 805 926 parum
831 849 909 906 sunt
926 841 1127 908 adsalutem
1146 841 1295 907 valitura.

182 979 227 992 -
249 944 307 1012 Ad
332 946 520 1012 Ecclesiam
545 949 635 1030 quod
660 955 802 1030 spectat,
825 947 1005 1011 desiderari
1032 966 1169 1029 operam
1200 967 1296 1011 suam
1365 948 1473 994 Ecclesia

183 1046 277 1110 nullo
311 1058 465 1133 ternpore
498 1050 657 1133 nulloque
681 1052 786 1115 modo
809 1052 907 1128 sinet,
928 1060 1025 1116 tanto
1050 1050 1127 1134 plus
1157 1051 1298 1114 allatura
1322 1022 1413 1126 ln‘lllre
1428 1022 1475 1126 qp'll

183 1147 381 1229 adiumenti,
396 1163 525 1235 quanto
542 1153 607 1217 sibi
624 1153 729 1218 maior
745 1154 779 1216 in
796 1155 931 1237 agendo
946 1153 1081 1218 libertas
1097 1153 1298 1237 contigerit:
1322 1131 1420 1237 m„
1443 1127 1476 1232 ²}ss

184 1252 286 1336 idque
296 1259 500 1322 nominatim
514 1258 713 1340 intelligant,
723 1279 868 1342 quorum
881 1279 1002 1322 munus
1018 1267 1068 1324 est
1081 1258 1179 1324 saluti
1190 1258 1297 1342 publi·
1322 1247 1449 1353 ffli'jj

183 1375 243 1419 cae
259 1359 442 1424 consulere.
468 1362 654 1426 Intendant
670 1382 789 1426 omnes
814 1363 917 1426 animi
941 1363 1190 1445 industriaeque
1212 1363 1298 1426 vires
1323 1365 1364 1411 ru.

184 1461 327 1525 ministri
339 1483 527 1529 sacrorum:
541 1466 937 1548 vobisque,Venerabiles
948 1467 1090 1544 Fratres,
1099 1468 1298 1531 auctoritate

183 1567 422 1644 praeeuntibus
439 1578 473 1630 et
490 1569 660 1652 exempl0,
676 1579 813 1651 sumpta
827 1591 871 1633 ex
888 1569 1074 1652 Evangelio
1095 1570 1298 1633 documenta

184 1665 273 1730 vitae
288 1667 482 1734 hominibus
498 1691 543 1754 ex
559 1675 653 1736 omni
663 1675 780 1740 ordine
792 1673 959 1738 inculcare
971 1693 1012 1736 ne
1022 1674 1192 1738 desinant:
1203 1673 1296 1737 omni

185 1788 252 1850 qua
267 1783 409 1853 possunt
428 1795 493 1856 ope
514 1796 576 1858 pro
592 1775 700 1841 salute
715 1777 915 1860 populorum
932 1778 1148 1856 contendant,
1164 1777 1296 1860 potissi·

185 1893 346 1959 mumque
359 1881 519 1943 studeant
535 1889 568 1943 et
584 1882 669 1944 tueri
682 1882 715 1945 in
733 1902 779 1960 se,
794 1893 829 1946 et
844 1881 992 1946 excitare
1008 1882 1040 1944 in
1058 1882 1140 1959 aliis,
1155 1883 1295 1946 summis

183 1978 282 2044 iuxta
295 1991 397 2064 atque
415 1982 548 2060 infimis,
564 1985 715 2048 omnium
727 1986 899 2050 dominam
913 2007 951 2048 ac
963 1987 1113 2066 reginam
1125 1987 1294 2065 virtutum,
1357 2029 1473 2088 m„

183 2083 367 2151 caritatem.
378 2087 508 2169 Optata
522 2089 645 2170 quippe
661 2089 751 2153 salus
761 2091 975 2172 expectanda
987 2089 1166 2171 praecipue
1182 2100 1232 2153 est
1248 2111 1293 2154 ex
1320 2105 1349 2135 ⁰⁶
1394 2090 1471 2134 crum

185 2207 307 2271 magna
332 2190 494 2257 effusione
518 2194 665 2258 caritatis
679 2217 686 2257 :
700 2196 879 2258 cristianae
903 2194 1050 2257 caritatis
1068 2193 1293 2276 intelligimus,
1318 2155 1448 2254 primur

184 2309 271 2373 quae
286 2296 389 2359 totius
406 2297 582 2379 Evangelii
597 2299 848 2379 compendiaria
863 2298 920 2360 lex
944 2307 1003 2375 est,
1019 2317 1172 2380 quaeque
1186 2307 1292 2362 semet
1317 2268 1454 2387 Wlfflin

184 2395 292 2476 ipsam
324 2418 385 2480 pro
418 2400 560 2464 aliorum
594 2403 782 2466 commodis
812 2421 944 2483 semper
974 2401 1137 2464 devovere
1167 2411 1295 2483 parata,
1317 2387 1452 2506 ᾖξζξιξζρη,

183 2509 300 2564 contra
316 2503 429 2565 saeculi
446 2501 659 2566 insolentiam
678 2513 778 2587 atque
801 2504 1061 2568 immoderatum
1078 2523 1226 2566 amorem
1242 2504 1294 2567 sui
1320 2505 1458 2612 mm

184 2603 369 2668 certissima
400 2617 450 2670 est
477 2606 604 2670 homini
636 2609 827 2673 antidotus:
852 2608 946 2671 cuius
969 2607 1101 2670 virtutis
1120 2617 1232 2689 partes
1255 2627 1293 2670 ac
1321 2631 1405 2694 conara
1432 2636 1471 2666 sa-

185 2702 389 2774 lineamenta
416 2711 530 2775 divina
554 2712 678 2775 Paulus
703 2713 890 2796 Apostolus
913 2712 953 2776 iis
977 2714 1085 2776 verbis
1108 2711 1295 2794 expressit:
1321 2681 1471 2789 ᾏζῗωῇζῗζῖἷ

188 2806 321 2875 Caritas
327 2816 459 2894 patrans
474 2825 529 2892 est,
554 2815 694 2896 benigna
708 2825 756 2879 est
766 2841 777 2880 .·
795 2839 856 2880 non
879 2815 1010 2900 quaerit
1024 2837 1106 2898 quae
1120 2837 1182 2879 sua
1197 2825 1295 2879 sunt:

183 2914 296 2977 omnia
310 2917 449 3000 suffert:
464 2917 575 2982 omnia
589 2919 757 3002 sustinet(
771 2921 791 3002 ).

229 3017 430 3084 Diviuorum
446 3042 620 3086 munerum
638 3025 807 3104 auspicem
824 3043 863 3086 ac
881 3021 1135 3086 benevolentiae
1152 3022 1297 3086 Nostrae

186 3128 306 3186 testem
324 3124 418 3188 vobis
435 3125 815 3208 singulis,Venerabiles
833 3127 975 3203 Fratres,
991 3135 1025 3190 et
1041 3124 1139 3190 Clero
1155 3124 1297 3207 populo-

178 3231 252 3304 'que
267 3238 379 3293 vestro
407 3229 628 3310 apostolicam
652 3229 920 3294 benedictionem
945 3237 1156 3312 peramanter
1178 3230 1211 3292 in
1228 3229 1298 3294 Do-

190 3329 283 3394 mino
298 3332 518 3415 impertimus.

230 3431 359 3498 Datum
391 3437 533 3515 Romae,
549 3438 637 3520 apud
665 3437 698 3503 S.
716 3439 862 3517 Petrum,
877 3437 932 3502 die
957 3451 992 3518 15
1013 3437 1106 3513 Maii,
1121 3437 1187 3502 An.
1209 3437 1299 3518 1891,

187 3535 410 3604 Pontificatus
430 3541 545 3605 Nostri
562 3541 834 3624 Decimoquarto.

903 3661 999 3727 LEO
1024 3663 1086 3726 PP.
1111 3661 1213 3724 XIII.

219 3838 238 3870 r.
252 3826 269 3869 I
278 3826 341 3880 Cor..
355 3837 416 3882 xru,
429 3841 476 3886 4-7.

243 4403 319 4448 Aera
336 4402 437 4448 Lsorus
453 4401 526 4448 xm.
