3352 4926
356 270 427 340 268
472 291 588 344 snss.
612 281 633 310 ‘⁴
652 289 879 344 eustonius
897 289 1038 344 ossrcu
1056 289 1312 343 cousc1sus1x
1325 323 1347 354 „

352 464 424 545 ipse
439 465 604 546 ceciderit,
618 467 672 533 cui
681 487 793 532 rursus
808 488 875 533 non
889 466 1088 546 inconsulta,
1104 486 1171 532 uon
1201 466 1303 551 plane
1329 463 1459 531 absona

352 565 435 632 haec
452 568 589 635 honoris
605 571 721 636 tuendi
746 571 832 636 ratio
847 572 1024 636 videatur?
1054 571 1221 654 Equidem
1238 589 1365 652 paucos
1384 587 1458 632 esse

354 687 472 749 remur,
483 673 540 755 qui
555 673 620 738 hoc
633 672 762 739 obeant
769 673 907 750 facinus,
921 673 1089 756 opinionis
1100 692 1211 737 errore
1223 671 1363 755 decepti.
1376 671 1461 738 Om-

177 764 330 871 2⁸22:ng
354 773 435 838 nino
448 777 616 859 cupiditas
631 777 768 841 ultionis
788 787 847 856 est,
862 797 949 861 quae
964 776 1052 840 viros
1066 777 1228 860 superbos
1243 786 1278 842 et
1292 795 1386 841 acres
1415 776 1461 840 ad

176 890 210 952 es!
257 885 329 956 ulfic
354 899 498 962 poenam
519 882 701 964 petendam
717 881 881 966 impellit:
904 882 961 964 qui
986 883 1014 946 si
1030 881 1156 946 elatum
1172 883 1323 946 animum
1344 879 1462 946 mode-

177 957 221 1048 i'a'i,
234 943 329 1003 “md''
353 979 426 1057 rari,
439 979 581 1064 Deoque
600 981 834 1066 obtemperare
849 982 953 1047 velint
968 984 1027 1066 qui
1042 983 1195 1047 homines
1211 982 1304 1047 iubet
1318 981 1461 1065 diligere

353 1085 439 1147 inter
448 1103 485 1148 se
499 1105 614 1151 amore
629 1086 785 1165 iratemo,
795 1098 828 1152 et
840 1107 1045 1171 quemquam
1061 1085 1177 1150 violari
1193 1095 1295 1165 vetat,
1305 1086 1363 1170 qui
1376 1085 1459 1152 ulci-

352 1188 466 1252 scendi
489 1188 663 1256 libidinem
679 1193 714 1255 in
730 1193 869 1275 privatis
889 1190 1081 1257 hominibus
1096 1191 1293 1274 gravissime
1304 1191 1459 1266 damnat,

352 1308 390 1352 ac
406 1310 591 1372 poenarum
608 1299 863 1379 repetendarum
880 1296 942 1360 sibi
963 1297 1059 1362 unice
1080 1305 1227 1360 reservat
1242 1304 1460 1378 potestatem,

352 1394 395 1458 ab
411 1395 551 1462 immani
567 1400 811 1466 consuetudine
825 1400 1013 1465 duellorum
1031 1397 1127 1462 facile
1141 1399 1361 1464 discederent

190 1497 273 1555 Nune
283 1512 324 1542 ω·
395 1499 516 1583 Neque
530 1501 595 1566 illis
610 1504 667 1586 qui
683 1503 834 1568 oblatum
851 1513 1019 1568 certamen
1036 1502 1221 1585 suscipiunt
1238 1503 1325 1568 iusta
1335 1520 1459 1588 suppe-

174 1556 325 1674 rlfsfugrm‘s'ssf
349 1601 392 1666 tit
406 1607 584 1672 excusatio
598 1609 818 1690 metus,quod
828 1608 971 1673 timeant
986 1626 1023 1669 se
1037 1604 1140 1689 vulgo
1156 1625 1275 1689 segnes
1286 1605 1411 1684 haberi,
1428 1606 1457 1669 si

168 1680 325 1791 {mi-s
350 1727 498 1791 pugnam
515 1711 710 1778 detrectent.
727 1711 816 1776 Nam
826 1713 854 1776 si
870 1710 981 1775 officia
996 1709 1171 1775 hominum
1187 1731 1232 1774 ex
1256 1710 1349 1776 salsis
1364 1711 1458 1793 vulgi

349 1811 563 1892 opinionibus
578 1814 784 1879 dimetienda
799 1823 990 1892 essent,non
1006 1822 1198 1878 exaetema
1210 1813 1291 1877 recti
1307 1813 1455 1896 iustique

182 1943 322 1992 palm-a„
350 1933 477 1994 norma,
492 1915 621 1980 nullum
636 1927 725 1982 esset
741 1918 892 1982 naturale
906 1936 946 1981 ac
956 1936 1071 1981 verum
1088 1917 1174 1980 inter
1182 1917 1340 1981 honestas
1349 1915 1454 1979 actio-

171 2004 323 2108 ζξζξῇζβν·
350 2037 408 2085 nes
424 2027 458 2082 et
472 2017 638 2101 flagitiose
668 2019 757 2086 iacta
786 2022 972 2086 discrimen.
1002 2020 1072 2105 Ipsi
1088 2021 1256 2104 sapientes
1272 2020 1393 2084 ethnici
1416 2027 1455 2084 et

172 2119 323 2227 {fimf-
348 2131 471 2188 norunt
486 2133 521 2188 et
535 2124 754 2204 tradiderunt,
769 2124 901 2190 fallacia
916 2125 1007 2208 vulgi
1023 2124 1147 2189 iudicia
1176 2124 1364 2207 spernenda
1379 2141 1454 2187 esse

291 2198 308 2229 ‘⁸
347 2227 458 2290 alorti
484 2236 519 2291 et
548 2231 717 2294 constanti
740 2231 821 2295 viro.
839 2231 950 2296 Iustus
977 2231 1090 2312 potius
1120 2237 1155 2293 et
1184 2238 1320 2293 sanctus
1349 2227 1454 2290 timor

347 2337 407 2406 est,
422 2331 479 2413 qui
491 2333 612 2397 avertit
626 2333 798 2399 hominem
814 2335 859 2399 ab
873 2333 988 2416 iniqua
1003 2332 1116 2408 caede,
1131 2349 1275 2413 eumque
1304 2327 1384 2393 iacit
1407 2328 1453 2392 de

225 2491 322 2538 Timere
348 2434 481 2516 propria
496 2444 531 2501 ct
546 2435 684 2502 fratrum
700 2437 808 2502 salute
823 2437 1012 2502 sollicitum.
1030 2435 1141 2500 Immo
1156 2433 1214 2518 qui
1230 2434 1342 2498 inania
1357 2431 1451 2516 vulgi

170 2549 243 2620 vargi
273 2553 323 2611 apr·
347 2549 544 2619 aspernatur
560 2540 691 2618 iudicia,
705 2541 763 2624 qui
779 2541 1058 2606 contumelarium
1089 2538 1228 2602 verbera
1252 2536 1363 2600 subire
1379 2551 1453 2598 ma-

171 2623 321 2738 ἶῇοᾝξζ
347 2642 428 2720 vult,
443 2661 544 2724 quam
576 2643 642 2708 ulla
658 2645 690 2708 in
708 2664 743 2709 re
757 2645 903 2710 officium
919 2645 1080 2721 deserere,
1095 2641 1185 2706 hunc
1200 2641 1300 2724 longe
1323 2637 1452 2702 maiore

170 2733 321 2836 ξξῇιωζξῑζ
346 2757 448 2828 atque
464 2746 647 2811 excelsiore
662 2750 776 2814 animo
791 2769 863 2813 esse
882 2747 1089 2831 perspicitur,
1104 2765 1206 2831 quarn
1222 2745 1280 2828 qui
1296 2743 1339 2808 ad
1355 2761 1452 2806 arma

346 2849 518 2932 procurrit,
533 2849 704 2916 lacessitus
728 2853 856 2916 iniuria.
871 2851 962 2934 Quin
979 2853 1092 2928 etiam,
1115 2849 1143 2914 si
1168 2858 1256 2913 recte
1271 2843 1450 2913 diiudicari

345 2952 434 3031 velit,
449 2952 504 3017 ille
520 2963 571 3018 est
587 2973 681 3032 unus,
707 2955 740 3020 in
770 2975 840 3039 quo
855 2955 964 3020 solida
981 2954 1141 3019 fortitudo
1156 2953 1296 3030 eluceat,
1310 2950 1377 3028 illa,
1398 2950 1452 3015 in·

343 3073 455 3135 quam,
471 3054 643 3135 fortitudo,
672 3077 758 3140 quae
784 3060 890 3123 virtus
916 3077 992 3122 vere
1007 3056 1209 3132 nominatur,
1224 3065 1259 3121 et
1273 3056 1326 3120 cui
1341 3053 1449 3136 gloria

203 3156 254 3214 Qui
263 3157 320 3204 ⁶0⁸0
343 3177 456 3222 comes
471 3168 604 3225 estnon
622 3161 742 3240 fucata,
757 3183 824 3228 non
840 3161 956 3227 fallax.
972 3159 1088 3225 Virtus
1103 3161 1194 3224 enim
1210 3159 1244 3222 in
1261 3159 1352 3222 bono
1366 3175 1447 3220 con·

167 3215 318 3322 ffiioenim
343 3259 430 3323 sistit
445 3263 565 3327 rationi
581 3276 817 3343 consentaneo,
847 3275 880 3330 et
906 3263 969 3328 nisi
985 3282 1071 3346 quae
1101 3263 1135 3325 in
1166 3260 1291 3325 iudicio
1321 3259 1448 3324 nitatur

158 3333 236 3394 sm
246 3341 288 3381 Μ·
343 3364 562 3444 approbantis
575 3367 649 3447 Dei,
663 3369 767 3435 stulta
782 3369 892 3433 omnis
907 3379 959 3431 est
973 3366 1089 3449 gloria.

191 3467 317 3529 Rectius·
386 3467 542 3552 Denique
572 3481 644 3537 tam
671 3475 846 3557 perspicua
875 3471 978 3537 duelli
1003 3469 1178 3552 turpitudo
1204 3479 1265 3546 est,
1294 3477 1332 3533 ut
1361 3466 1447 3532 illud

167 3528 317 3647 122ἶῖΪῖ
342 3579 476 3636 nostrae
491 3574 592 3636 etiarn
608 3576 729 3639 aetatis
750 3575 996 3658 legumlatores
1011 3572 1147 3638 tametsi
1164 3572 1346 3636 mmmmm
1377 3569 1447 3634 ’Μ’

162 3649 317 3760 ξξᾏίἧῖζῇω
340 3670 449 3755 {ragio
460 3674 713 3759 patrocinioque
728 3676 860 3756 fultum,
880 3676 1080 3740 auctoritate
1103 3672 1238 3758 publica
1260 3671 1447 3756 poenisque

340 3777 521 3860 propositis
530 3781 752 3845 coercendum
768 3782 936 3846 duxerint.
961 3779 1049 3844 Illud
1065 3777 1128 3842 hac
1144 3777 1179 3842 in
1198 3797 1233 3843 re
1254 3785 1449 3860 praeposte-

341 3901 414 3944 rum
431 3881 646 3968 maximeque
661 3886 896 3969 perniciosum,
906 3885 995 3966 quod
1012 3883 1157 3967 scriptae
1172 3882 1263 3966 leges
1276 3902 1310 3946 re
1334 3879 1447 3946 iactis-

157 3967 316 4085 ,32:¹32ss
339 4002 405 4064 quc
420 3984 487 4048 sere
502 3986 702 4055 eludantur:
717 3990 820 4074 idque
835 4009 903 4054 non
925 4008 1001 4053 raro
1021 3988 1204 4054 scientibus
1219 3996 1253 4050 et
1268 3985 1448 4051 silentibus

166 4089 208 4130 ras.
340 4084 531 4168 iis,quorum
544 4100 596 4155 est
610 4093 720 4174 puniri
730 4103 938 4172 sontes,et,ut
952 4091 1082 4177 legibus
1091 4089 1448 4175 pareaturprovidere

343 4187 396 4254 lta
411 4188 449 4255 lit
464 4199 501 4255 ut
517 4195 641 4274 passim
658 4196 702 4260 ad
717 4197 900 4281 singularia
911 4197 1094 4262 certamina
1103 4195 1317 4271 descendere,
1334 4201 1452 4275 spreta

343 4294 519 4360 maiestate
534 4297 657 4380 legum,
669 4303 806 4385 impune
818 4302 928 4368 liceat.
