1006 1419
362 414 371 437 J·
378 412 544 429 EMPITERNAM
560 412 639 429 dominici
658 413 714 434 gregis
729 413 800 429 salutem
820 416 837 430 et

362 440 367 461 ,ζ
388 438 480 459 spiritualia
496 443 516 455 ac
535 439 634 459 temporalia
649 439 685 455 eius
703 439 798 458 commoda,
813 444 835 455 ex

362 471 367 480 ·.
388 464 491 480 demandato
499 464 579 481 divinitus
591 464 646 481 Nobis
658 464 697 481 licet
708 465 836 481 immerentibus

365 497 371 503 ι·
388 490 498 510 Apostolicae
504 490 588 506 servitutis
594 490 649 507 officio
655 490 684 506 diu
691 493 775 512 noctuque
782 491 836 507 inten-

280 517 344 535 dentes,
357 516 418 535 omnia,
430 521 474 537 quae
486 516 503 532 in
517 516 592 532 Domino
604 516 626 533 ad
638 516 655 532 id
669 516 723 533 facere
736 517 836 535 noverimus,

281 542 339 558 libenti
352 542 409 558 animo
422 542 518 563 probamus,
531 544 548 558 ct
559 547 638 563 suprema
649 543 708 563 quain
716 543 793 558 universa
803 542 835 558 Dei

282 568 357 584 Ecclesia
363 568 445 589 ponemus
451 568 551 584 auctoritate
556 568 780 589 confirmamus,electosquc
786 568 835 587 viros,

281 594 309 615 qui
318 594 380 614 pietate
387 596 404 610 et
412 594 503 610 christiana
515 594 585 610 caritate
592 594 630 613 acti.
637 594 698 615 opibus
710 594 744 610 suis
751 594 836 613 salutaria,

282 620 329 636 utilia
336 625 355 636 ac
364 619 442 640 frugifera
450 619 584 636 christifidelibus
592 625 643 641 opera
654 620 761 639 instituerint,
769 620 836 641 publice

281 648 298 662 et
305 646 361 667 palam
369 646 415 662 omni
424 646 473 662 laude
481 646 546 666 dignos,
551 651 570 662 ac
576 646 619 662 bene
625 646 647 662 de
653 651 670 662 re
678 646 760 662 catholica
767 646 835 662 meritos

281 672 338 688 testari
346 674 412 693 gratum
421 671 475 688 Nobis
488 674 514 688 est
527 674 544 688 et
558 672 654 688 iucundum.
663 672 689 688 De
697 672 777 688 acerrimo
786 671 836 690 bello,

280 698 335 719 deque
342 697 397 719 pravis
403 697 493 718 impiorum
499 697 587 714 hominum
593 697 674 718 sacrilega
679 698 722 714 inter
730 703 748 714 se
756 697 836 714 societate

280 724 395 740 devinctorum
404 724 420 739 in
430 724 485 740 Deum
497 726 514 740 et
522 724 539 739 iu
548 723 641 740 Ecclesiam
650 723 770 743 molitionibus,
777 723 835 744 deplo-

280 755 319 766 rans
327 749 440 771 pientissimus
448 749 472 765 vir
480 749 566 765 Antonius
574 749 632 770 Lopez
640 751 657 765 et
667 749 724 770 Lopez
733 749 808 766 marchio
815 749 837 765 de

280 775 365 795 Comillas,
371 777 388 791 et
394 775 493 791 existimans
502 775 591 791 sacerdotii
599 775 709 791 ministerium
718 775 735 791 in
744 775 835 796 profligau-

280 802 311 818 dos
322 806 388 821 errores,
401 801 418 817 in
431 800 530 817 evertendas
541 800 603 817 inimici
616 801 688 817 hominis
702 801 835 817 machinationes

280 830 297 843 et
313 826 383 846 fraudes,
398 827 414 843 in
428 826 481 843 civilis
493 826 578 842 societatis
590 826 706 842 informandos
719 831 774 842 mores
787 829 804 843 et
817 826 834 842 in

280 853 408 874 prosperiiatem
417 852 502 869 Ecclesiae
510 852 599 873 praecipue
606 857 625 868 ac
634 852 740 873 potissimum
755 852 835 872 conferre,

280 882 298 895 ut
312 879 418 900 quamplures
430 878 480 895 etiam
489 878 553 894 institui
562 880 631 898 possent
642 878 743 897 sacerdotes,
751 878 779 899 qui
788 878 834 894 sanis

279 905 364 924 doctrinis,
371 904 441 925 pollenti
448 904 551 925 robustoque
559 903 621 924 pabulo
628 903 701 923 enutriti,
709 903 772 919 viribus
777 904 834 923 validi,

280 930 384 951 egregiisque
398 930 449 946 armis
462 929 538 945 instructi
552 929 636 950 religionis
648 934 725 945 caussam
737 929 802 945 fortiter
813 934 832 945 ac

280 956 364 977 sapienter
371 957 444 976 agerent,
456 955 523 976 suisque
531 955 641 971 Antistitibus
654 955 680 971 vel
693 955 770 971 maximo
778 958 834 971 essent

280 981 344 998 auxilio
352 984 369 998 et
376 981 463 1002 praesidio,
471 981 554 1001 optimum
563 981 600 997 iniit
613 980 702 997 consilium
710 980 810 997 aedificandi
817 981 833 997 in

281 1008 333 1025 natali
341 1007 395 1029 gentis
403 1011 442 1023 suae
450 1007 518 1028 oppido,
526 1007 571 1028 quod
585 1007 601 1023 in
616 1007 753 1024 Santnndcriensi
761 1007 834 1023 dioecesi

280 1034 354 1055 positum
367 1033 430 1053 vulgari
442 1033 511 1049 nomine
524 1036 533 1049 (
541 1032 622 1049 Comillus
630 1037 639 1050 )
651 1033 750 1054 appenatur,
758 1033 833 1054 amplum

280 1059 387 1076 seminarium
395 1059 415 1074 iis
421 1058 555 1075 adolescentibus
563 1058 692 1075 ecclesiasticam
701 1058 778 1074 militiam
787 1064 834 1079 prae-

280 1085 382 1107 optantihus,
389 1084 465 1100 omnium
472 1087 490 1100 et
497 1084 601 1105 singularum
614 1084 716 1100 dioecesium
731 1084 834 1105 Hispanien—

279 1111 323 1127 sium
335 1113 352 1126 et
364 1110 465 1126 dioecesium
473 1109 562 1126 Amen-icae
570 1109 610 1125 olim
625 1109 713 1130 Hispanae
724 1110 835 1130 excipiendis,

279 1136 344 1152 alendis
356 1138 373 1152 et
385 1136 406 1151 ad
418 1135 525 1151 humaniores
532 1135 596 1151 litteras
604 1135 727 1156 severioresque
735 1135 833 1156 disciplinas

280 1161 379 1181 erudiendis,
387 1161 415 1182 qui
428 1161 500 1182 impares
512 1161 545 1177 sint
558 1161 629 1177 serendis
642 1161 722 1182 expensis
736 1161 752 1177 in
761 1161 834 1182 propriis
