3354 4938
458 297 508 348 ns
526 296 766 350 counrrrouu
783 299 978 352 oruucuu.
1202 279 1270 369 189

161 475 299 558 perinde
314 484 365 538 est
381 495 420 539 ac
436 474 498 538 sibi
514 475 671 540 collatam
688 486 889 558 negatamve
913 477 1126 543 iudicaturus.
1146 476 1269 555 Quam·
1331 487 1411 574 MJH

160 577 342 660 diufecisti
356 578 463 644 uniex
472 578 702 660 hr'ssrotribus
717 577 797 643 areu
812 578 971 658 minimos,
987 577 1072 643 mitt
1077 579 1209 659 fecistis
1223 577 1270 661 (¹).
1342 584 1406 643 18⁹1·

207 681 358 766 Quarum
384 703 493 749 rerum
519 685 603 748 haec
629 703 762 748 summa
788 693 862 762 est;
889 684 1093 767 quicumque
1109 683 1268 747 maiorem
1299 745 1450 790 oacrum

162 789 295 869 copiam
312 788 478 854 bonorum
503 788 568 852 Dei
594 808 731 853 munere
757 788 896 871 accepit,
912 788 983 852 sive
997 787 1147 871 corporis
1162 795 1196 852 et
1212 806 1270 851 ex·
1298 804 1406 849 accusa

162 903 257 954 terna
284 892 361 969 sint,
387 893 457 957 sive
480 892 594 970 animi,
617 891 662 956 ob
688 892 776 956 hanc
803 911 956 956 caussam
982 892 1159 974 accepisse,
1175 899 1213 955 ut
1228 892 1270 954 ad
1297 877 1451 980 issiifqss‘a

163 991 402 1076 perfectionem
429 995 479 1059 sui
510 996 710 1078 pariterque,
736 993 828 1059 velut
859 995 1010 1058 minister
1040 995 1273 1077 providentiae
1297 981 1451 1086 mm

163 1098 307 1174 divinae,
317 1098 360 1161 ad
370 1097 533 1162 utilitates
545 1097 703 1162 adhibeat
715 1106 911 1162 ceterorum.
934 1097 1155 1180 Habensergo
1172 1097 1272 1214 talen:
1298 1114 1386 1205 {rogeo
1394 1113 1451 1204 ¹1:5²ss

162 1211 243 1278 tum,
257 1203 486 1265 arretomnino
501 1223 540 1264 nc
554 1211 682 1265 taceat:
696 1183 816 1265 lubens
831 1222 942 1266 rerum
957 1201 1172 1285 afflrrentiam,
1189 1221 1273 1282 orgi·
1300 1218 1394 1264 ditatos.

161 1307 207 1370 let
221 1327 259 1369 ne
273 1329 295 1370 a
311 1305 555 1382 misericordiae⁸
575 1305 730 1388 largitate
755 1315 933 1388 torpescat:
948 1305 1069 1370 habens
1089 1314 1195 1370 artem
1209 1326 1275 1388 qua

162 1408 297 1490 regitur,
315 1419 504 1490 magnopere
526 1407 655 1472 studeat
681 1418 719 1471 ut
742 1429 839 1473 usum
866 1419 964 1492 atque
988 1407 1166 1472 utilitatem
1184 1409 1276 1472 illius

162 1533 235 1576 cum
244 1512 397 1594 proximo
404 1511 607 1596 partiatur(
625 1513 645 1596 )

207 1615 311 1680 Bonis
327 1625 440 1680 autem
457 1616 611 1680 fortunae
637 1617 694 1700 qui
721 1625 866 1695 careant,
885 1617 908 1680 ii
925 1617 968 1682 ab
986 1615 1139 1680 Ecclesia
1155 1614 1274 1697 perdo-
1301 1633 1451 1698 pomere-

164 1729 290 1797 centur,
308 1739 375 1782 non
392 1719 515 1802 probro
525 1720 650 1798 haberi,
665 1719 741 1784 Deo
764 1721 882 1799 iudice,
898 1730 1141 1802 paupertatem,
1157 1737 1217 1781 nec
1234 1709 1274 1781 eo
1300 1696 1452 1801 ξ’(ζξζᾜῃζοξξ

166 1822 372 1904 pudendum,
383 1823 475 1905 quod
486 1824 594 1888 victus
606 1824 719 1889 labore
735 1835 924 1907 quaeratur.
942 1825 1050 1905 quue
1066 1821 1275 1888 confirmavit
1301 1823 1451 1939 ‘mm

166 1947 201 1990 re
217 1937 251 1989 et
266 1925 357 1990 facto
373 1925 524 1992 Christus
540 1928 719 2004 Dominus,
730 1928 788 2010 qui
807 1948 869 2011 pro
885 1927 993 1993 salute
1016 1927 1192 1991 hominum
1208 1945 1275 2008 ege·
1298 1953 1376 1999 gnum
1408 1953 1453 1986 esse

166 2051 230 2093 nus
239 2031 357 2111 factus
375 2040 431 2108 est,
445 2052 518 2094 cum
535 2041 616 2095 esset
629 2032 721 2096 dives
735 2031 797 2116 (³):
813 2052 957 2114 cumque
984 2039 1071 2096 esset
1089 2029 1193 2093 Filius
1211 2027 1274 2092 Dei
1301 2005 1454 2120 {mmm

165 2157 205 2200 ac
218 2137 311 2200 Deus
324 2137 475 2220 ipsemet,
484 2139 589 2203 videri
614 2149 727 2203 tamen
755 2159 794 2202 ac
810 2141 919 2221 putari
944 2139 1029 2203 fabri
1047 2136 1133 2200 filius
1148 2135 1276 2199 voluit:
1300 2119 1452 2240 gjessffl*

167 2241 248 2324 quin
263 2242 365 2305 etiam
378 2262 536 2326 magnam
548 2244 637 2308 vitae
647 2253 777 2327 partem
799 2245 832 2307 in
843 2264 945 2327 opere
955 2242 1064 2308 fabrili
1079 2259 1276 2305 consumere
1303 2238 1455 2349 affligo&

169 2366 237 2410 non
254 2347 428 2412 recusavit.
440 2346 558 2411 Nonne
575 2345 628 2411 lrr'c
645 2347 804 2429 estfaber,
811 2348 913 2432 filius
926 2348 1065 2415 Mariae
1078 2351 1148 2434 (4)?
1167 2352 1277 2415 Huius
1303 2364 1438 2435 virtutium

169 2449 383 2515 divinitatem
400 2451 548 2532 exempli
567 2451 783 2530 intuentibus,
809 2473 848 2516 ea
874 2451 1002 2517 facilius
1025 2455 1278 2535 intelliguntur:
1303 2429 1455 2484 ‘'mm‘'

170 2572 285 2617 veram
304 2551 451 2618 hominis
466 2554 666 2637 dignitatem
682 2564 783 2637 atque
807 2555 1103 2620 excellentiam0in
1129 2556 1278 2620 moribus

168 2675 252 2732 esse,
268 2655 335 2720 hoe
346 2665 397 2719 est
412 2655 445 2719 in
462 2656 594 2734 virtute,
615 2659 783 2740 positam:
807 2658 966 2722 virtutem
995 2678 1074 2723 vero
1099 2679 1278 2723 commune

170 2759 372 2824 mortalibus
387 2760 636 2843 patrimonium,
652 2761 727 2824 imis
747 2770 780 2826 et
800 2763 951 2840 summis,
972 2765 1133 2829 divitibus
1149 2773 1183 2828 et
1202 2785 1277 2847 pro·

169 2861 297 2928 letariis
314 2882 421 2947 aeque
436 2859 596 2946 parabile:
612 2883 672 2928 nec
682 2863 773 2928 aliud
783 2865 957 2949 quippiam
971 2887 1073 2949 quam
1085 2867 1224 2932 virtutes
1245 2877 1279 2931 et

170 2968 301 3044 merita,
317 2967 351 3030 in
366 2986 579 3049 quocumque
605 2969 820 3050 reperiantur,
845 2972 1033 3034 mercedem
1060 2970 1279 3034 beatitudinis

169 3081 328 3135 aeternae
344 3079 569 3153 sequuturam.
594 3071 706 3134 Immo
721 3091 799 3136 vero
826 3072 858 3135 in
883 3073 1156 3137 calamitosorum
1172 3079 1278 3155 genus
1304 3087 1339 3162 γ’)
1357 3101 1456 3154 propen-

170 3174 370 3257 propensior
386 3173 451 3238 Dei
467 3175 572 3257 ipsius
587 3174 718 3238 videtur
732 3174 889 3240 voluntas
905 3199 912 3240 :
928 3176 1047 3241 beatos
1063 3177 1152 3241 enim
1172 3178 1279 3242 IESUS
1304 3167 1458 3273 ῗῖζ-ἵῦρζῖ

170 3277 366 3342 CHRISTUS
383 3289 555 3362 nuncupat
564 3297 727 3361 pauperes
742 3277 799 3362 (⁵):
811 3279 930 3346 invitat
947 3291 1160 3364 peramanter
1175 3283 1218 3346 ad
1235 3301 1280 3361 se,
1302 3273 1457 3378 552„ssng

170 3381 282 3447 solatii
295 3401 422 3460 caussa,
433 3381 634 3466 quicumque
645 3385 678 3446 in
692 3383 805 3449 labore
816 3383 883 3449 sint
895 3406 934 3450 ac
947 3383 1039 3450 luctu
1050 3383 1093 3469 (⁶)
1108 3411 1115 3452 :
1131 3387 1279 3452 infirmos
1306 3395 1358 3438 aa„

170 3495 207 3552 et
221 3486 345 3550 iniuria
354 3495 497 3584 vexatos
512 3487 744 3569 complectitur
756 3487 895 3552 caritate
920 3488 1111 3572 praecipua.
1127 3490 1278 3574 Quarum
1306 3551 1361 3609 OM
1369 3550 1457 3597 dmm..

169 3591 367 3673 cognitione
383 3609 491 3654 rerum
508 3591 604 3655 facile
620 3591 652 3653 in
667 3591 845 3656 fortunatis
855 3592 1055 3674 deprimitur
1065 3605 1200 3659 tumens
1210 3599 1279 3660 ani·
1305 3611 1457 3681 nauantem·

170 3715 258 3773 mus,
273 3694 307 3758 in
322 3695 529 3759 aerumnosis
541 3695 706 3760 demissus
717 3695 903 3762 extollitur:
915 3698 1011 3762 alteri
1021 3699 1064 3762 ad
1075 3698 1280 3777 facilitatem,
1305 3675 1417 3774 {iffi-'i‘
1431 3743 1457 3773 α.

169 3797 267 3863 alteri
286 3798 331 3862 ad
345 3797 544 3863 modestiam
557 3798 744 3864 flectuntur.
755 3799 811 3866 Sic
821 3801 972 3882 cupitum
990 3802 1165 3884 superbiae
1180 3803 1280 3866 inter·
1306 3788 1457 3894 Jffir‘m

169 3901 298 3966 vallum
316 3899 458 3968 efficitur
472 3902 615 3978 brevius,
634 3923 694 3967 nec
710 3901 887 3969 difficulter
899 3905 1134 3988 impetrabitur
1146 3915 1183 3970 ut
1193 3908 1280 3972 ordi·

168 4005 224 4070 nis
241 4007 426 4089 utriusque,
435 4005 556 4071 iunctis
569 4009 676 4072 amice
696 4007 835 4085 dextris,
857 4008 1058 4091 copulentur
1083 4010 1281 4080 voluntates.

206 4193 227 4228 r.
241 4181 342 4235 Martia,
355 4189 420 4234 xxti,
431 4195 468 4239 40.
478 4205 508 4216 -
518 4195 539 4228 a.
551 4181 575 4230 S.
588 4181 660 4240 Greg.
673 4181 757 4240 Magn.
771 4180 796 4226 in
807 4179 899 4239 Evang.
912 4181 983 4226 Hom.
998 4179 1021 4225 X
1032 4195 1055 4230 n.
1068 4196 1090 4240 7.
1103 4198 1163 4244 -p
1177 4185 1207 4230 II
1218 4187 1283 4248 Cor„

171 4261 215 4305 ιιι.
229 4253 251 4297 8.
263 4265 325 4310 -4,
339 4252 430 4305 diora,
442 4263 479 4306 vt,
491 4267 512 4312 p
525 4277 555 4288 —-
565 4265 586 4312 5.
601 4253 701 4307 Matth„
713 4262 739 4306 v,
751 4266 780 4312 3:
792 4253 863 4298 Beati
868 4259 985 4312 pauperes
995 4253 1094 4312 spiritu.
1106 4280 1136 4290 -
1145 4258 1167 4304 6.
1182 4257 1280 4315 Manu,

170 4339 214 4384 xl.
227 4329 258 4375 28
270 4343 275 4381 ;
292 4327 375 4375 Venite
383 4330 418 4375 ad
425 4343 462 4375 me
470 4343 556 4383 omrrrs,
568 4329 613 4388 qui
632 4329 749 4376 laboratis
757 4334 781 4374 et
787 4329 882 4376 onerati
890 4330 954 4384 estis,
966 4335 1037 4391 elego
1048 4332 1155 4391 reficiam
1165 4349 1211 4383 vor.
