3364 4928
254 268 307 318 DE
325 265 511 318 COLLEGlO
531 267 774 318 BOHEMORUM
795 267 834 317 IN
856 266 957 318 URBE
975 264 1194 318 CONDENDO·
1255 264 1277 334 3

212 433 471 500 venerabilibus
489 436 661 500 Fratribus
677 436 943 518 Archiepiscopo
966 433 1125 516 Pragensi
1145 441 1179 498 et
1195 433 1283 537 Epij
1306 453 1441 546 WrUAR

162 539 280 620 scopis
292 540 450 604 omnibus
460 540 573 622 Regni
584 541 766 604 Bohemiae
780 559 880 604 curae
890 539 960 615 erit,
972 537 1109 602 clericos
1125 556 1170 600 ex
1186 545 1275 601 utro·
1346 527 1412 608 3890.
1445 529 1451 539 '

157 662 230 724 que
244 642 406 708 idiomate
423 643 575 709 Bohemo
591 641 639 709 'et
670 643 871 709 Germanico
893 642 983 726 quod
1000 641 1033 705 in
1051 641 1159 724 patria
1175 640 1275 725 viget,
1422 709 1427 720 ¹

158 746 338 830 inquibus
368 747 526 812 voluntas
556 747 756 812 inserviendi
774 747 849 810 Deo
879 747 913 809 in
941 746 1042 808 sacris
1073 743 1273 822 ministeriis,
1314 709 1448 828 Em?

156 851 290 933 ingenii
320 852 419 929 acies,
444 852 594 916 discendi
621 851 728 928 ardor,
743 849 832 914 bona
862 849 1010 932 corporis
1039 847 1198 912 valetudo
1221 848 1273 924 sit,
1297 841 1456 932 ,ss‘e'ssffld

155 955 364 1035 gymnasiali
380 955 569 1020 studiorum
594 974 692 1018 cursu
723 973 869 1029 emens0,
881 951 1027 1036 deligere
1042 951 1075 1014 in
1094 949 1271 1034 collegium
1312 960 1435 1051 ww
1479 968 1484 978 ·

157 1060 382 1140 cooptandos,
398 1078 541 1142 quorum
567 1077 725 1122 numerus
751 1059 783 1120 in
814 1055 953 1140 singulis
977 1055 1186 1120 dioecesibus
1211 1075 1272 1137 pro
1315 1019 1426 1135 atufnqos

158 1163 320 1244 portione
342 1163 390 1228 ita
413 1163 499 1226 inter
521 1162 611 1244 ipsas
626 1160 836 1226 definiendus
853 1160 923 1238 erit,
943 1169 981 1224 ut
996 1181 1041 1223 ex
1056 1159 1213 1223 omnibus
1238 1160 1272 1223 in
1298 1136 1424 1230 mim?

157 1286 322 1348 praesens
350 1286 417 1331 non
450 1266 556 1331 maior
582 1286 682 1350 quarn
711 1265 851 1347 triginta
877 1263 1088 1328 alumnorum
1117 1283 1273 1327 numerus

157 1369 366 1436 conficiatur.
991 1442 994 1450 Ι
1018 1424 1020 1428 ,

207 1473 352 1539 Alumni
369 1477 401 1538 in
418 1475 596 1557 collegium
613 1475 763 1557 cooptati
780 1472 1020 1556 philosophicis
1032 1471 1273 1554 ettheologicis
1319 1489 1393 1561 nario
1404 1495 1453 1536 stu-

157 1579 350 1662 disciplinis
366 1555 501 1662 operam
515 1579 655 1657 dabunt,
670 1600 731 1642 nec
748 1599 814 1642 non
843 1577 915 1640 aliis
933 1577 1163 1640 ecclesiasticis
1180 1577 1273 1641 insti·
1298 1549 1452 1668 ξ’,ξᾞῇ

158 1681 351 1746 tutionibus
366 1681 524 1759 fruentur,
537 1701 623 1765 quae
639 1683 670 1744 in
688 1679 867 1763 pontificiis
883 1679 1005 1744 scholis
1030 1680 1063 1743 in
1090 1681 1170 1745 urbe
1187 1681 1273 1745 tradi
1307 1668 1444 1773 mjlffi·

160 1797 416 1852 consueverunt.
1299 1787 1357 1858 ⁶011?
1370 1743 1453 1892 ,gde-

207 1891 296 1958 Cum
314 1893 357 1955 ad
373 1891 488 1956 divina
504 1889 688 1954 ministeria
706 1890 769 1953 Dei
787 1910 923 1953 munere
939 1911 975 1954 se
990 1898 1137 1969 vocatos,
1152 1899 1187 1956 et
1202 1911 1274 1954 eru-
1299 1859 1347 1892 sm
1363 1861 1372 1892 ¹
1403 1861 1423 1894 ν’

158 1995 300 2059 ditionis
316 1995 377 2059 iter
398 1994 431 2057 in
448 1993 530 2057 urbe
557 1993 712 2058 catholici
743 1993 832 2056 orbis
860 1971 1010 2076 principe
1040 1992 1102 2056 sibi
1120 2003 1273 2075 apertum

158 2099 362 2180 intelligant,
384 2098 466 2162 nihil
480 2099 528 2162 eis
538 2098 649 2182 potius
661 2119 734 2162 esse
746 2098 891 2175 debebit,
906 2116 1007 2179 quam
1019 2096 1111 2160 omni
1123 2116 1189 2179 ope
1204 2097 1275 2174 niti,

161 2213 197 2267 ut
214 2203 319 2286 gratis
342 2203 464 2267 animis
479 2203 645 2288 solidique
670 2202 838 2286 proiectus
869 2200 1029 2265 fructibus
1044 2200 1159 2264 divino
1174 2201 1274 2265 bene-

157 2305 236 2371 ficio
262 2307 496 2390 respondeant.
514 2305 628 2388 Quare
643 2305 687 2369 ab
702 2305 777 2387 ipso
792 2304 1011 2370 institutionis
1026 2303 1130 2380 initio,
1146 2303 1189 2367 ad
1205 2303 1275 2386 pie·

155 2411 240 2474 tatis
284 2419 319 2475 et
355 2410 528 2474 doctrinae
565 2408 710 2487 laudern,
733 2409 776 2474 ad
814 2408 1040 2498 observandas
1073 2405 1215 2471 fideliter
1240 2415 1274 2470 et

158 2515 356 2578 obedienter
378 2513 574 2595 disciplinae
605 2511 706 2594 leges,
733 2512 775 2576 ad
800 2530 901 2576 omne
925 2529 1031 2592 genus
1057 2507 1167 2586 officii,
1182 2509 1272 2594 quod

157 2619 297 2680 iuvenes
320 2617 417 2682 decet
433 2615 465 2679 in
483 2625 606 2680 sortem
624 2615 764 2680 Domini
777 2622 924 2692 vocatos,
935 2613 1084 2677 animum
1097 2611 1274 2696 diligenter

157 2721 328 2786 adiicient

211 2822 326 2906 Opera
342 2832 515 2907 praeterea
530 2823 611 2906 ipsis
621 2822 734 2887 danda
749 2831 855 2901 estut
871 2832 1023 2886 mutuam
1038 2820 1125 2884 inter
1140 2839 1176 2882 se
1192 2819 1272 2882 cari-

163 2935 270 2990 tatem
288 2927 569 3010 concordiamque
585 2927 870 3009 retineant,quam
888 2925 978 2989 nulla
993 2921 1134 2987 offensio
1147 2932 1273 3005 pertur-

164 3033 223 3095 bet
238 3055 246 3112 ;
262 3031 479 3114 studioseque
494 3033 644 3096 animum
661 3031 840 3096 intendant
855 3031 894 3095 Iis
906 3030 1119 3096 addiscendis
1131 3041 1217 3113 quae
1229 3029 1272 3092 ad

156 3135 279 3198 divina
293 3134 412 3213 officia,
431 3135 475 3198 ad
503 3134 594 3199 chori
610 3134 831 3218 disciplinam,
855 3137 898 3200 ad
927 3135 1146 3198 ministerium
1164 3152 1272 3196 sacro-

160 3255 236 3300 rum
249 3237 428 3320 pertinent,
444 3256 504 3301 nec
521 3257 587 3300 non
605 3257 680 3301 curn
708 3256 813 3300 vacua
828 3257 849 3300 a
864 3237 1050 3301 studiorum
1075 3235 1161 3299 curis
1188 3243 1272 3298 tem-

161 3359 246 3421 pora
262 3338 449 3416 inciderint,
473 3338 657 3404 scribendis
683 3339 914 3423 habendisque
940 3342 973 3403 in
1003 3348 1142 3421 utraque
1157 3337 1272 3420 lingua

159 3443 353 3526 germanica
370 3451 403 3506 et
419 3441 564 3506 bohema
588 3444 691 3506 sacris
715 3443 871 3525 privatim
901 3443 1127 3519 concionibus,
1142 3462 1210 3524 quo
1226 3442 1268 3506 ad

160 3565 292 3612 sacrum
310 3546 401 3610 verbi
427 3547 647 3610 ministerium
679 3547 711 3609 in
742 3547 849 3630 patria
874 3547 1077 3624 obeundum,
1102 3544 1271 3611 umbratili

158 3651 403 3716 exercitatione
416 3661 545 3714 mature
562 3650 791 3716 informentur.

206 3753 294 3819 Cum
311 3772 411 3836 porro
427 3753 563 3830 alumni,
578 3753 751 3818 doctrinae
775 3763 809 3817 et
836 3754 970 3836 pietatis
994 3754 1106 3817 studio
1130 3753 1271 3836 probati,

161 3858 352 3939 aetatisque
368 3855 596 3920 maturitatem
614 3857 739 3938 adepti,
766 3859 1014 3921 moderatorum
1039 3855 1161 3920 iudicio
1177 3857 1270 3938 digni

159 3961 350 4026 habeantur
364 3961 421 4043 qui
437 3961 539 4025 sacris
551 3959 723 4024 ordinibus
736 3960 917 4037 initientur,
927 3960 1105 4024 statuimus
1122 3969 1158 4023 ut
1168 3960 1269 4024 iidem
1320 3973 1450 4045 ¹ortman-¹

160 4072 195 4131 in
212 4065 305 4143 urbe,
320 4063 597 4129 dimissorialibus
614 4065 731 4129 litteris
747 4084 882 4128 suorum
897 4064 1140 4148 Episcoporum
1152 4065 1272 4142 relatis,
1297 4033 1451 4138 fcmssss·

162 4171 207 4234 ad
231 4188 345 4233 sacros
368 4169 502 4232 ordines
525 4167 761 4250 provehantur,
776 4186 900 4251 eosque
915 4187 935 4230 a
951 4166 1081 4249 legibus
1104 4165 1273 4241 solvimus,
1297 4152 1450 4199 ‘amum

1312 4225 1421 4258 emm

161 4274 287 4358 quibus
317 4273 388 4335 iure
417 4289 584 4335 canonum
612 4282 747 4335 cautum
780 4281 830 4334 est
855 4279 892 4334 ut
923 4269 1197 4334 denunciationes
1213 4270 1273 4334 ha·
1293 4224 1347 4318 fur.
1422 4225 1450 4259 rr
