<?xml version="1.0" encoding="UTF-8"?>
<!DOCTYPE html PUBLIC "-//W3C//DTD XHTML 1.0 Transitional//EN"
    "http://www.w3.org/TR/xhtml1/DTD/xhtml1-transitional.dtd">
<html xmlns="http://www.w3.org/1999/xhtml" xml:lang="en" lang="en">
 <head>
  <title>
</title>
<meta http-equiv="Content-Type" content="text/html;charset=utf-8" />
  <meta name='ocr-system' content='tesseract 3.04.00' />
  <meta name='ocr-capabilities' content='ocr_page ocr_carea ocr_par ocr_line ocrx_word'/>
</head>
<body>
  <div class='ocr_page' id='page_1' title='image "./sanctissimidomi02xiiigoog_0267.png"; bbox 0 0 3352 4926; ppageno 0'>
   <div class='ocr_carea' id='block_1_1' title="bbox 418 333 1419 414">
    <p class='ocr_par' dir='ltr' id='par_1_1' title="bbox 418 333 1419 414">
     <span class='ocr_line' id='line_1_1' title="bbox 418 333 1419 414; baseline -0.002 -13"><span class='ocrx_word' id='word_1_1' title='bbox 418 333 492 403; x_wconf 89' lang='lat'>260</span> <span class='ocrx_word' id='word_1_2' title='bbox 519 350 699 404; x_wconf 73' lang='lat' dir='ltr'>nersrona</span> <span class='ocrx_word' id='word_1_3' title='bbox 719 339 741 368; x_wconf 76' lang='lat'>‘⁶</span> <span class='ocrx_word' id='word_1_4' title='bbox 756 337 964 402; x_wconf 77' lang='lat' dir='ltr'>srucun&#39;nnr</span> <span class='ocrx_word' id='word_1_5' title='bbox 985 347 1065 399; x_wconf 80' lang='lat' dir='ltr'>cunr</span> <span class='ocrx_word' id='word_1_6' title='bbox 1084 347 1382 400; x_wconf 78' lang='lat' dir='ltr'>nnnavonnurm</span> <span class='ocrx_word' id='word_1_7' title='bbox 1398 383 1419 414; x_wconf 89' lang='lat'><em>„</em></span> 
     </span>
    </p>
   </div>
   <div class='ocr_carea' id='block_1_2' title="bbox 313 522 1532 924">
    <p class='ocr_par' dir='ltr' id='par_1_2' title="bbox 415 522 1531 719">
     <span class='ocr_line' id='line_1_2' title="bbox 415 522 1531 614; baseline -0.005 -18"><span class='ocrx_word' id='word_1_8' title='bbox 415 538 570 614; x_wconf 79' lang='lat' dir='ltr'>oportere</span> <span class='ocrx_word' id='word_1_9' title='bbox 585 527 830 594; x_wconf 86' lang='lat' dir='ltr'>ecclesiasticae</span> <span class='ocrx_word' id='word_1_10' title='bbox 845 522 1039 590; x_wconf 87' lang='lat' dir='ltr'>auctoritati</span> <span class='ocrx_word' id='word_1_11' title='bbox 1052 543 1060 600; x_wconf 91' lang='grc'><strong>;</strong></span> <span class='ocrx_word' id='word_1_12' title='bbox 1085 522 1250 606; x_wconf 76' lang='lat' dir='ltr'>siquidem</span> <span class='ocrx_word' id='word_1_13' title='bbox 1264 522 1423 590; x_wconf 82' lang='lat' dir='ltr'><strong>excelluit</strong></span> <span class='ocrx_word' id='word_1_14' title='bbox 1438 544 1531 591; x_wconf 83' lang='lat' dir='ltr'>sern-</span> 
     </span>
     <span class='ocr_line' id='line_1_3' title="bbox 416 625 1529 719; baseline -0.005 -19"><span class='ocrx_word' id='word_1_15' title='bbox 416 654 476 719; x_wconf 91' lang='lat' dir='ltr'>per</span> <span class='ocrx_word' id='word_1_16' title='bbox 505 633 647 698; x_wconf 88' lang='lat' dir='ltr'>societas</span> <span class='ocrx_word' id='word_1_17' title='bbox 677 640 788 697; x_wconf 89' lang='lat' dir='ltr'>vestra</span> <span class='ocrx_word' id='word_1_18' title='bbox 818 626 1014 695; x_wconf 89' lang='lat' dir='ltr'>obedientia</span> <span class='ocrx_word' id='word_1_19' title='bbox 1044 634 1079 691; x_wconf 89' lang='lat' dir='ltr'>et</span> <span class='ocrx_word' id='word_1_20' title='bbox 1104 625 1267 711; x_wconf 90' lang='lat' dir='ltr'>obsequio</span> <span class='ocrx_word' id='word_1_21' title='bbox 1296 628 1330 692; x_wconf 91' lang='lat' dir='ltr'>in</span> <span class='ocrx_word' id='word_1_22' title='bbox 1356 647 1529 694; x_wconf 87' lang='lat' dir='ltr'>sacrorum</span> 
     </span>
    </p>

    <p class='ocr_par' dir='ltr' id='par_1_3' title="bbox 313 729 1532 924">
     <span class='ocr_line' id='line_1_4' title="bbox 367 729 607 802; baseline 0.008 -2"><span class='ocrx_word' id='word_1_23' title='bbox 367 729 394 760; x_wconf 63' lang='lat'><strong>⁶</strong></span> <span class='ocrx_word' id='word_1_24' title='bbox 416 736 607 802; x_wconf 85' lang='lat' dir='ltr'>Antistites.</span> 
     </span>
     <span class='ocr_line' id='line_1_5' title="bbox 313 833 1532 924; baseline -0.008 -14"><span class='ocrx_word' id='word_1_25' title='bbox 313 865 393 910; x_wconf 68' lang='lat' dir='ltr'>rann</span> <span class='ocrx_word' id='word_1_26' title='bbox 462 840 664 924; x_wconf 89' lang='lat' dir='ltr'>Principium</span> <span class='ocrx_word' id='word_1_27' title='bbox 692 838 846 915; x_wconf 89' lang='lat' dir='ltr'>alterum,</span> <span class='ocrx_word' id='word_1_28' title='bbox 861 855 929 919; x_wconf 92' lang='lat' dir='ltr'>quo</span> <span class='ocrx_word' id='word_1_29' title='bbox 946 833 1152 899; x_wconf 91' lang='lat' dir='ltr'>diversarum</span> <span class='ocrx_word' id='word_1_30' title='bbox 1175 833 1373 900; x_wconf 80' lang='lat' dir='ltr'>societatum</span> <span class='ocrx_word' id='word_1_31' title='bbox 1391 846 1532 901; x_wconf 88' lang='lat' dir='ltr'>mutuas</span> 
     </span>
    </p>
   </div>
   <div class='ocr_carea' id='block_1_3' title="bbox 238 925 1529 1031">
    <p class='ocr_par' dir='ltr' id='par_1_4' title="bbox 238 925 1529 1031">
     <span class='ocr_line' id='line_1_6' title="bbox 238 925 1529 1031; baseline -0.008 -18"><span class='ocrx_word' id='word_1_32' title='bbox 238 925 387 1031; x_wconf 54' lang='grc' dir='ltr'>ζζξζζζῇξ</span> <span class='ocrx_word' id='word_1_33' title='bbox 417 944 563 1010; x_wconf 89' lang='lat' dir='ltr'>rationes</span> <span class='ocrx_word' id='word_1_34' title='bbox 586 943 656 1026; x_wconf 89' lang='lat' dir='ltr'>regi</span> <span class='ocrx_word' id='word_1_35' title='bbox 672 950 815 1026; x_wconf 85' lang='lat' dir='ltr'>oportet,</span> <span class='ocrx_word' id='word_1_36' title='bbox 831 949 865 1004; x_wconf 90' lang='lat' dir='ltr'>et</span> <span class='ocrx_word' id='word_1_37' title='bbox 880 958 949 1022; x_wconf 92' lang='lat' dir='ltr'>quo</span> <span class='ocrx_word' id='word_1_38' title='bbox 976 937 1073 1020; x_wconf 87' lang='lat' dir='ltr'><strong>quasi</strong></span> <span class='ocrx_word' id='word_1_39' title='bbox 1100 957 1190 1002; x_wconf 87' lang='lat' dir='ltr'>nexu</span> <span class='ocrx_word' id='word_1_40' title='bbox 1206 938 1417 1005; x_wconf 90' lang='lat' dir='ltr'>nobilissimo</span> <span class='ocrx_word' id='word_1_41' title='bbox 1432 941 1529 1024; x_wconf 90' lang='lat' dir='ltr'>iungi</span> 
     </span>
    </p>
   </div>
   <div class='ocr_carea' id='block_1_4' title="bbox 233 1043 1529 1164">
    <p class='ocr_par' dir='ltr' id='par_1_5' title="bbox 233 1043 1529 1164">
     <span class='ocr_line' id='line_1_7' title="bbox 233 1043 1529 1164; baseline -0.001 -54"><span class='ocrx_word' id='word_1_42' title='bbox 233 1045 393 1164; x_wconf 54' lang='lat' dir='ltr'>ttgjgss&#39;jssffl</span> <span class='ocrx_word' id='word_1_43' title='bbox 417 1047 519 1112; x_wconf 86' lang='lat' dir='ltr'>debet</span> <span class='ocrx_word' id='word_1_44' title='bbox 545 1054 660 1112; x_wconf 90' lang='lat' dir='ltr'>coetus</span> <span class='ocrx_word' id='word_1_45' title='bbox 674 1055 784 1111; x_wconf 85' lang='lat' dir='ltr'>vester</span> <span class='ocrx_word' id='word_1_46' title='bbox 810 1064 887 1109; x_wconf 93' lang='lat' dir='ltr'>cum</span> <span class='ocrx_word' id='word_1_47' title='bbox 904 1043 1066 1108; x_wconf 88' lang='lat' dir='ltr'>societate</span> <span class='ocrx_word' id='word_1_48' title='bbox 1093 1050 1319 1107; x_wconf 87' lang='lat' dir='ltr'>conventuum</span> <span class='ocrx_word' id='word_1_49' title='bbox 1335 1053 1370 1108; x_wconf 87' lang='lat' dir='ltr'>et</span> <span class='ocrx_word' id='word_1_50' title='bbox 1385 1046 1529 1110; x_wconf 89' lang='lat' dir='ltr'>comita·</span> 
     </span>
    </p>
   </div>
   <div class='ocr_carea' id='block_1_5' title="bbox 240 1145 1532 1659">
    <p class='ocr_par' dir='ltr' id='par_1_6' title="bbox 240 1145 1532 1659">
     <span class='ocr_line' id='line_1_8' title="bbox 240 1145 1532 1229; baseline -0.001 -14"><span class='ocrx_word' id='word_1_51' title='bbox 240 1163 383 1209; x_wconf 74' lang='lat' dir='ltr'>dilectionis.</span> <span class='ocrx_word' id='word_1_52' title='bbox 417 1159 513 1215; x_wconf 89' lang='lat' dir='ltr'>tuum</span> <span class='ocrx_word' id='word_1_53' title='bbox 540 1149 791 1228; x_wconf 87' lang='lat' dir='ltr'>catholicorum,</span> <span class='ocrx_word' id='word_1_54' title='bbox 815 1155 950 1212; x_wconf 89' lang='lat' dir='ltr'>constat</span> <span class='ocrx_word' id='word_1_55' title='bbox 979 1146 1139 1228; x_wconf 88' lang='lat' dir='ltr'>vigetque</span> <span class='ocrx_word' id='word_1_56' title='bbox 1167 1164 1186 1209; x_wconf 88' lang='lat' dir='ltr'>e</span> <span class='ocrx_word' id='word_1_57' title='bbox 1220 1145 1339 1229; x_wconf 88' lang='lat' dir='ltr'>spiritu</span> <span class='ocrx_word' id='word_1_58' title='bbox 1376 1147 1532 1214; x_wconf 83' lang='lat' dir='ltr'>sincerae</span> 
     </span>
     <span class='ocr_line' id='line_1_9' title="bbox 418 1249 1530 1335; baseline 0 -17"><span class='ocrx_word' id='word_1_59' title='bbox 418 1253 606 1319; x_wconf 85' lang='lat' dir='ltr'>dilectionis</span> <span class='ocrx_word' id='word_1_60' title='bbox 636 1261 670 1318; x_wconf 87' lang='lat' dir='ltr'>et</span> <span class='ocrx_word' id='word_1_61' title='bbox 697 1250 863 1318; x_wconf 84' lang='lat' dir='ltr'>fraternae</span> <span class='ocrx_word' id='word_1_62' title='bbox 893 1249 1146 1316; x_wconf 86' lang='lat' dir='ltr'>communitatis</span> <span class='ocrx_word' id='word_1_63' title='bbox 1176 1249 1211 1313; x_wconf 93' lang='lat' dir='ltr'>in</span> <span class='ocrx_word' id='word_1_64' title='bbox 1241 1249 1339 1315; x_wconf 92' lang='lat' dir='ltr'>bonis</span> <span class='ocrx_word' id='word_1_65' title='bbox 1369 1253 1530 1335; x_wconf 90' lang='lat' dir='ltr'>operibus</span> 
     </span>
     <span class='ocr_line' id='line_1_10' title="bbox 417 1353 1532 1442; baseline 0.001 -20"><span class='ocrx_word' id='word_1_66' title='bbox 417 1358 567 1442; x_wconf 86' lang='lat' dir='ltr'>agendis,</span> <span class='ocrx_word' id='word_1_67' title='bbox 599 1377 643 1422; x_wconf 89' lang='lat' dir='ltr'>ex</span> <span class='ocrx_word' id='word_1_68' title='bbox 668 1377 735 1440; x_wconf 90' lang='lat' dir='ltr'>qua</span> <span class='ocrx_word' id='word_1_69' title='bbox 762 1356 889 1421; x_wconf 87' lang='lat' dir='ltr'>iructus</span> <span class='ocrx_word' id='word_1_70' title='bbox 912 1355 1080 1438; x_wconf 89' lang='lat' dir='ltr'>prodeunt</span> <span class='ocrx_word' id='word_1_71' title='bbox 1113 1353 1301 1418; x_wconf 89' lang='lat' dir='ltr'>suavissimi</span> <span class='ocrx_word' id='word_1_72' title='bbox 1328 1359 1532 1422; x_wconf 89' lang='lat' dir='ltr'>concordiae</span> 
     </span>
     <span class='ocr_line' id='line_1_11' title="bbox 418 1457 1529 1544; baseline 0.003 -21"><span class='ocrx_word' id='word_1_73' title='bbox 418 1470 452 1525; x_wconf 94' lang='lat' dir='ltr'>et</span> <span class='ocrx_word' id='word_1_74' title='bbox 474 1460 620 1526; x_wconf 88' lang='lat' dir='ltr'>unitatis.</span> <span class='ocrx_word' id='word_1_75' title='bbox 637 1459 788 1544; x_wconf 89' lang='lat' dir='ltr'>Flagitat</span> <span class='ocrx_word' id='word_1_76' title='bbox 811 1459 865 1524; x_wconf 91' lang='lat' dir='ltr'>hic</span> <span class='ocrx_word' id='word_1_77' title='bbox 893 1459 1029 1542; x_wconf 89' lang='lat' dir='ltr'>spiritns</span> <span class='ocrx_word' id='word_1_78' title='bbox 1052 1477 1133 1540; x_wconf 87' lang='lat' dir='ltr'>prae</span> <span class='ocrx_word' id='word_1_79' title='bbox 1157 1457 1275 1540; x_wconf 90' lang='lat' dir='ltr'>primis</span> <span class='ocrx_word' id='word_1_80' title='bbox 1299 1467 1336 1523; x_wconf 90' lang='lat' dir='ltr'>ut</span> <span class='ocrx_word' id='word_1_81' title='bbox 1361 1459 1393 1524; x_wconf 91' lang='lat' dir='ltr'>in</span> <span class='ocrx_word' id='word_1_82' title='bbox 1418 1461 1458 1524; x_wconf 92' lang='lat' dir='ltr'>iis</span> <span class='ocrx_word' id='word_1_83' title='bbox 1477 1462 1529 1527; x_wconf 93' lang='lat' dir='ltr'>in-</span> 
     </span>
     <span class='ocr_line' id='line_1_12' title="bbox 418 1561 1531 1659; baseline 0.002 -31"><span class='ocrx_word' id='word_1_84' title='bbox 418 1563 533 1646; x_wconf 87' lang='lat' dir='ltr'>ceptis,</span> <span class='ocrx_word' id='word_1_85' title='bbox 548 1583 635 1646; x_wconf 88' lang='lat' dir='ltr'>quae</span> <span class='ocrx_word' id='word_1_86' title='bbox 650 1563 745 1647; x_wconf 88' lang='lat' dir='ltr'>quasi</span> <span class='ocrx_word' id='word_1_87' title='bbox 770 1583 831 1628; x_wconf 91' lang='lat' dir='ltr'>suo</span> <span class='ocrx_word' id='word_1_88' title='bbox 857 1563 928 1659; x_wconf 84' lang='lat' dir='ltr'>iure</span> <span class='ocrx_word' id='word_1_89' title='bbox 954 1562 1079 1626; x_wconf 87' lang='lat' dir='ltr'>adserit</span> <span class='ocrx_word' id='word_1_90' title='bbox 1103 1561 1166 1625; x_wconf 91' lang='lat' dir='ltr'>sibi</span> <span class='ocrx_word' id='word_1_91' title='bbox 1182 1561 1353 1644; x_wconf 88' lang='lat' dir='ltr'>praedicta</span> <span class='ocrx_word' id='word_1_92' title='bbox 1376 1565 1531 1642; x_wconf 88' lang='lat' dir='ltr'>societas,</span> 
     </span>
    </p>
   </div>
   <div class='ocr_carea' id='block_1_6' title="bbox 241 1665 1534 1960">
    <p class='ocr_par' dir='ltr' id='par_1_7' title="bbox 241 1665 1534 1960">
     <span class='ocr_line' id='line_1_13' title="bbox 267 1665 1534 1770; baseline -0.001 -37"><span class='ocrx_word' id='word_1_93' title='bbox 267 1723 393 1770; x_wconf 57' lang='lat' dir='ltr'>mmm</span> <span class='ocrx_word' id='word_1_94' title='bbox 418 1666 527 1732; x_wconf 87' lang='lat' dir='ltr'>eidem</span> <span class='ocrx_word' id='word_1_95' title='bbox 544 1666 687 1731; x_wconf 90' lang='lat' dir='ltr'>amicam</span> <span class='ocrx_word' id='word_1_96' title='bbox 710 1687 812 1750; x_wconf 88' lang='lat' dir='ltr'>quarn</span> <span class='ocrx_word' id='word_1_97' title='bbox 829 1666 1020 1750; x_wconf 88' lang='lat' dir='ltr'>poposcerit</span> <span class='ocrx_word' id='word_1_98' title='bbox 1048 1685 1149 1748; x_wconf 89' lang='lat' dir='ltr'>opem</span> <span class='ocrx_word' id='word_1_99' title='bbox 1175 1665 1318 1748; x_wconf 85' lang='lat' dir='ltr'>impigre</span> <span class='ocrx_word' id='word_1_100' title='bbox 1340 1668 1534 1749; x_wconf 89' lang='lat' dir='ltr'>praebeatis</span> 
     </span>
     <span class='ocr_line' id='line_1_14' title="bbox 241 1769 1530 1854; baseline 0.007 -26"><span class='ocrx_word' id='word_1_101' title='bbox 241 1784 344 1852; x_wconf 62' lang='lat' dir='ltr'>spiritus</span> <span class='ocrx_word' id='word_1_102' title='bbox 419 1791 481 1854; x_wconf 88' lang='lat' dir='ltr'>pro</span> <span class='ocrx_word' id='word_1_103' title='bbox 503 1769 636 1838; x_wconf 91' lang='lat' dir='ltr'>viribus.</span> <span class='ocrx_word' id='word_1_104' title='bbox 662 1771 776 1854; x_wconf 88' lang='lat' dir='ltr'>Quum</span> <span class='ocrx_word' id='word_1_105' title='bbox 802 1772 891 1836; x_wconf 92' lang='lat' dir='ltr'>enim</span> <span class='ocrx_word' id='word_1_106' title='bbox 922 1790 989 1835; x_wconf 91' lang='lat' dir='ltr'>non</span> <span class='ocrx_word' id='word_1_107' title='bbox 1016 1777 1136 1854; x_wconf 86' lang='lat' dir='ltr'>agatur</span> <span class='ocrx_word' id='word_1_108' title='bbox 1159 1769 1202 1833; x_wconf 90' lang='lat' dir='ltr'>de</span> <span class='ocrx_word' id='word_1_109' title='bbox 1230 1769 1309 1833; x_wconf 87' lang='lat' dir='ltr'>viris</span> <span class='ocrx_word' id='word_1_110' title='bbox 1333 1790 1419 1853; x_wconf 89' lang='lat' dir='ltr'>quos</span> <span class='ocrx_word' id='word_1_111' title='bbox 1442 1773 1530 1837; x_wconf 90' lang='lat' dir='ltr'>inter</span> 
     </span>
     <span class='ocr_line' id='line_1_15' title="bbox 243 1847 1529 1960; baseline -0.006 -13"><span class='ocrx_word' id='word_1_112' title='bbox 243 1847 395 1948; x_wconf 39' lang='lat' dir='ltr'>mque</span> <span class='ocrx_word' id='word_1_113' title='bbox 419 1873 578 1940; x_wconf 92' lang='lat' dir='ltr'>iudicium</span> <span class='ocrx_word' id='word_1_114' title='bbox 594 1875 638 1940; x_wconf 92' lang='lat' dir='ltr'>sit</span> <span class='ocrx_word' id='word_1_115' title='bbox 654 1884 728 1941; x_wconf 89' lang='lat' dir='ltr'>uter</span> <span class='ocrx_word' id='word_1_116' title='bbox 742 1875 838 1942; x_wconf 87' lang='lat' dir='ltr'>alteri</span> <span class='ocrx_word' id='word_1_117' title='bbox 855 1882 1014 1960; x_wconf 87' lang='lat' dir='ltr'>praestat,</span> <span class='ocrx_word' id='word_1_118' title='bbox 1036 1875 1094 1938; x_wconf 90' lang='lat' dir='ltr'>sed</span> <span class='ocrx_word' id='word_1_119' title='bbox 1111 1873 1155 1938; x_wconf 91' lang='lat' dir='ltr'>de</span> <span class='ocrx_word' id='word_1_120' title='bbox 1170 1873 1330 1958; x_wconf 88' lang='lat' dir='ltr'>religione</span> <span class='ocrx_word' id='word_1_121' title='bbox 1345 1893 1432 1958; x_wconf 87' lang='lat' dir='ltr'>quae</span> <span class='ocrx_word' id='word_1_122' title='bbox 1447 1894 1529 1939; x_wconf 92' lang='lat' dir='ltr'>cun·</span> 
     </span>
    </p>
   </div>
   <div class='ocr_carea' id='block_1_7' title="bbox 243 1959 1536 2066">
    <p class='ocr_par' dir='ltr' id='par_1_8' title="bbox 243 1959 1536 2066">
     <span class='ocr_line' id='line_1_16' title="bbox 243 1959 1536 2066; baseline 0.009 -28"><span class='ocrx_word' id='word_1_123' title='bbox 243 1969 306 2066; x_wconf 62' lang='grc' dir='ltr'>ζξζζξ</span> <span class='ocrx_word' id='word_1_124' title='bbox 331 1959 396 2065; x_wconf 55' lang='grc' dir='ltr'>Ἥ</span> <span class='ocrx_word' id='word_1_125' title='bbox 419 1980 482 2044; x_wconf 92' lang='lat' dir='ltr'>ctis</span> <span class='ocrx_word' id='word_1_126' title='bbox 507 1981 621 2058; x_wconf 89' lang='lat' dir='ltr'>anteit,</span> <span class='ocrx_word' id='word_1_127' title='bbox 648 1980 786 2063; x_wconf 89' lang='lat' dir='ltr'>eiusque</span> <span class='ocrx_word' id='word_1_128' title='bbox 812 1980 1006 2056; x_wconf 90' lang='lat' dir='ltr'>rationibus,</span> <span class='ocrx_word' id='word_1_129' title='bbox 1036 1978 1140 2061; x_wconf 93' lang='lat' dir='ltr'>probe</span> <span class='ocrx_word' id='word_1_130' title='bbox 1165 1977 1349 2061; x_wconf 88' lang='lat' dir='ltr'>intelligitis</span> <span class='ocrx_word' id='word_1_131' title='bbox 1376 1978 1428 2042; x_wconf 88' lang='lat' dir='ltr'>ius</span> <span class='ocrx_word' id='word_1_132' title='bbox 1454 1999 1536 2043; x_wconf 76' lang='lat' dir='ltr'>csse</span> 
     </span>
    </p>
   </div>
   <div class='ocr_carea' id='block_1_8' title="bbox 129 2081 1530 2166">
    <p class='ocr_par' dir='ltr' id='par_1_9' title="bbox 129 2081 1530 2166">
     <span class='ocr_line' id='line_1_17' title="bbox 129 2081 1530 2166; baseline 0.001 -23"><span class='ocrx_word' id='word_1_133' title='bbox 129 2097 133 2106; x_wconf 90' lang='lat'>·</span> <span class='ocrx_word' id='word_1_134' title='bbox 243 2093 389 2148; x_wconf 55' lang='lat' dir='ltr'>communen</span> <span class='ocrx_word' id='word_1_135' title='bbox 420 2084 507 2160; x_wconf 88' lang='lat' dir='ltr'>viris,</span> <span class='ocrx_word' id='word_1_136' title='bbox 531 2083 588 2166; x_wconf 91' lang='lat' dir='ltr'>qui</span> <span class='ocrx_word' id='word_1_137' title='bbox 613 2083 694 2147; x_wconf 90' lang='lat' dir='ltr'>istas</span> <span class='ocrx_word' id='word_1_138' title='bbox 717 2092 862 2160; x_wconf 91' lang='lat' dir='ltr'>tuentur,</span> <span class='ocrx_word' id='word_1_139' title='bbox 887 2083 1077 2166; x_wconf 89' lang='lat' dir='ltr'>poscendae</span> <span class='ocrx_word' id='word_1_140' title='bbox 1107 2081 1181 2164; x_wconf 92' lang='lat' dir='ltr'>opis</span> <span class='ocrx_word' id='word_1_141' title='bbox 1204 2090 1342 2160; x_wconf 87' lang='lat' dir='ltr'>vestrae,</span> <span class='ocrx_word' id='word_1_142' title='bbox 1363 2081 1530 2166; x_wconf 89' lang='lat' dir='ltr'>vobisque</span> 
     </span>
    </p>
   </div>
   <div class='ocr_carea' id='block_1_9' title="bbox 236 2141 1531 2269">
    <p class='ocr_par' dir='ltr' id='par_1_10' title="bbox 236 2141 1531 2269">
     <span class='ocr_line' id='line_1_18' title="bbox 236 2141 1531 2269; baseline -0.002 -19"><span class='ocrx_word' id='word_1_143' title='bbox 236 2141 325 2243; x_wconf 52' lang='lat' dir='ltr'>ms</span> <span class='ocrx_word' id='word_1_144' title='bbox 351 2153 385 2198; x_wconf 74' lang='lat' dir='ltr'>Ju</span> <span class='ocrx_word' id='word_1_145' title='bbox 423 2194 475 2250; x_wconf 86' lang='lat' dir='ltr'>sat</span> <span class='ocrx_word' id='word_1_146' title='bbox 490 2205 563 2250; x_wconf 89' lang='lat' dir='ltr'>esse</span> <span class='ocrx_word' id='word_1_147' title='bbox 577 2195 732 2268; x_wconf 89' lang='lat' dir='ltr'>oportere</span> <span class='ocrx_word' id='word_1_148' title='bbox 747 2185 775 2249; x_wconf 92' lang='lat' dir='ltr'>si</span> <span class='ocrx_word' id='word_1_149' title='bbox 791 2185 824 2248; x_wconf 94' lang='lat' dir='ltr'>in</span> <span class='ocrx_word' id='word_1_150' title='bbox 841 2195 972 2269; x_wconf 89' lang='lat' dir='ltr'>partem</span> <span class='ocrx_word' id='word_1_151' title='bbox 989 2185 1100 2268; x_wconf 92' lang='lat' dir='ltr'>operis</span> <span class='ocrx_word' id='word_1_152' title='bbox 1122 2183 1240 2250; x_wconf 88' lang='lat' dir='ltr'>eximii</span> <span class='ocrx_word' id='word_1_153' title='bbox 1254 2192 1367 2248; x_wconf 87' lang='lat' dir='ltr'>vestra</span> <span class='ocrx_word' id='word_1_154' title='bbox 1391 2194 1531 2250; x_wconf 90' lang='lat' dir='ltr'>vocetur</span> 
     </span>
    </p>
   </div>
   <div class='ocr_carea' id='block_1_10' title="bbox 240 2255 1530 2372">
    <p class='ocr_par' dir='ltr' id='par_1_11' title="bbox 240 2255 1530 2372">
     <span class='ocr_line' id='line_1_19' title="bbox 240 2255 1405 2316; baseline -0.002 -13"><span class='ocrx_word' id='word_1_155' title='bbox 240 2255 377 2316; x_wconf 77' lang='lat' dir='ltr'>prasertim</span> <span class='ocrx_word' id='word_1_156' title='bbox 596 2288 605 2304; x_wconf 89' lang='lat'><strong>.</strong></span> <span class='ocrx_word' id='word_1_157' title='bbox 1163 2287 1172 2303; x_wconf 85' lang='lat'><strong>.</strong></span> <span class='ocrx_word' id='word_1_158' title='bbox 1235 2287 1244 2301; x_wconf 92' lang='lat'><strong>.</strong></span> <span class='ocrx_word' id='word_1_159' title='bbox 1331 2286 1341 2302; x_wconf 89' lang='grc'><strong>.</strong></span> <span class='ocrx_word' id='word_1_160' title='bbox 1396 2287 1405 2301; x_wconf 94' lang='grc'><strong>.</strong></span> 
     </span>
     <span class='ocr_line' id='line_1_20' title="bbox 247 2287 1530 2372; baseline -0.003 -18"><span class='ocrx_word' id='word_1_161' title='bbox 247 2315 378 2362; x_wconf 56' lang='lat' dir='ltr'>,mim-sus</span> <span class='ocrx_word' id='word_1_162' title='bbox 423 2296 524 2366; x_wconf 86' lang='lat' dir='ltr'>aetas,</span> <span class='ocrx_word' id='word_1_163' title='bbox 548 2308 750 2372; x_wconf 78' lang='lat' dir='ltr'>quicumque</span> <span class='ocrx_word' id='word_1_164' title='bbox 770 2289 908 2355; x_wconf 88' lang='lat' dir='ltr'>tandem</span> <span class='ocrx_word' id='word_1_165' title='bbox 932 2287 1026 2353; x_wconf 88' lang='lat' dir='ltr'>locus</span> <span class='ocrx_word' id='word_1_166' title='bbox 1053 2288 1189 2353; x_wconf 77' lang='lat' dir='ltr'>honoris</span> <span class='ocrx_word' id='word_1_167' title='bbox 1217 2294 1260 2350; x_wconf 88' lang='lat' dir='ltr'>srt</span> <span class='ocrx_word' id='word_1_168' title='bbox 1283 2307 1341 2369; x_wconf 86' lang='lat' dir='ltr'>qur</span> <span class='ocrx_word' id='word_1_169' title='bbox 1363 2288 1530 2352; x_wconf 77' lang='lat' dir='ltr'>tribuatur</span> 
     </span>
    </p>
   </div>
   <div class='ocr_carea' id='block_1_11' title="bbox 240 2380 1531 2681">
    <p class='ocr_par' dir='ltr' id='par_1_12' title="bbox 240 2380 1531 2681">
     <span class='ocr_line' id='line_1_21' title="bbox 241 2380 1530 2458; baseline 0.003 -8"><span class='ocrx_word' id='word_1_170' title='bbox 241 2380 364 2436; x_wconf 54' lang='lat' dir='ltr'>imm*</span> <span class='ocrx_word' id='word_1_171' title='bbox 423 2391 657 2458; x_wconf 76' lang='lat' dir='ltr'>alterutris-</span> <span class='ocrx_word' id='word_1_172' title='bbox 673 2393 847 2457; x_wconf 87' lang='lat' dir='ltr'>Praeterea</span> <span class='ocrx_word' id='word_1_173' title='bbox 873 2392 928 2457; x_wconf 91' lang='lat' dir='ltr'>hic</span> <span class='ocrx_word' id='word_1_174' title='bbox 959 2391 1049 2456; x_wconf 93' lang='lat' dir='ltr'>idem</span> <span class='ocrx_word' id='word_1_175' title='bbox 1081 2391 1247 2455; x_wconf 80' lang='lat' dir='ltr'>fraternae</span> <span class='ocrx_word' id='word_1_176' title='bbox 1276 2390 1530 2456; x_wconf 90' lang='lat' dir='ltr'>communitatis</span> 
     </span>
     <span class='ocr_line' id='line_1_22' title="bbox 261 2492 1531 2593; baseline 0.004 -38"><span class='ocrx_word' id='word_1_177' title='bbox 261 2533 399 2593; x_wconf 57' lang='lat' dir='ltr'>imm,</span> <span class='ocrx_word' id='word_1_178' title='bbox 423 2496 559 2579; x_wconf 87' lang='lat' dir='ltr'>spiritus</span> <span class='ocrx_word' id='word_1_179' title='bbox 603 2516 624 2560; x_wconf 89' lang='lat' dir='ltr'>a</span> <span class='ocrx_word' id='word_1_180' title='bbox 668 2493 762 2560; x_wconf 89' lang='lat' dir='ltr'>vobis</span> <span class='ocrx_word' id='word_1_181' title='bbox 803 2493 943 2579; x_wconf 88' lang='lat' dir='ltr'>flagitat,</span> <span class='ocrx_word' id='word_1_182' title='bbox 987 2506 1024 2561; x_wconf 89' lang='lat' dir='ltr'>ut</span> <span class='ocrx_word' id='word_1_183' title='bbox 1061 2492 1277 2578; x_wconf 90' lang='lat' dir='ltr'>perpendatis</span> <span class='ocrx_word' id='word_1_184' title='bbox 1322 2502 1531 2577; x_wconf 88' lang='lat' dir='ltr'>quantopere</span> 
     </span>
     <span class='ocr_line' id='line_1_23' title="bbox 240 2593 1531 2681; baseline 0.002 -23"><span class='ocrx_word' id='word_1_185' title='bbox 240 2593 398 2653; x_wconf 44' lang='lat' dir='ltr'>submit·</span> <span class='ocrx_word' id='word_1_186' title='bbox 424 2599 555 2664; x_wconf 90' lang='lat' dir='ltr'>intersit</span> <span class='ocrx_word' id='word_1_187' title='bbox 579 2599 767 2665; x_wconf 88' lang='lat' dir='ltr'>communis</span> <span class='ocrx_word' id='word_1_188' title='bbox 800 2619 938 2663; x_wconf 86' lang='lat' dir='ltr'>caussae</span> <span class='ocrx_word' id='word_1_189' title='bbox 968 2607 1007 2662; x_wconf 92' lang='lat' dir='ltr'>ut</span> <span class='ocrx_word' id='word_1_190' title='bbox 1036 2606 1116 2681; x_wconf 90' lang='lat' dir='ltr'>apte</span> <span class='ocrx_word' id='word_1_191' title='bbox 1152 2598 1359 2662; x_wconf 90' lang='lat' dir='ltr'>instruantur</span> <span class='ocrx_word' id='word_1_192' title='bbox 1393 2597 1531 2661; x_wconf 89' lang='lat' dir='ltr'>iuvenes</span> 
     </span>
    </p>
   </div>
   <div class='ocr_carea' id='block_1_12' title="bbox 246 2653 398 2710">
    <p class='ocr_par' dir='ltr' id='par_1_13' title="bbox 246 2653 398 2710">
     <span class='ocr_line' id='line_1_24' title="bbox 246 2653 398 2710; baseline -0.013 -11"><span class='ocrx_word' id='word_1_193' title='bbox 246 2654 293 2699; x_wconf 73' lang='lat' dir='ltr'>tila·</span> <span class='ocrx_word' id='word_1_194' title='bbox 332 2653 398 2710; x_wconf 80' lang='lat' dir='ltr'>pale·</span> 
     </span>
    </p>
   </div>
   <div class='ocr_carea' id='block_1_13' title="bbox 246 2701 1533 2830">
    <p class='ocr_par' dir='ltr' id='par_1_14' title="bbox 246 2701 1533 2830">
     <span class='ocr_line' id='line_1_25' title="bbox 246 2701 1533 2830; baseline -0.002 -63"><span class='ocrx_word' id='word_1_195' title='bbox 246 2711 398 2830; x_wconf 47' lang='lat' dir='ltr'>{wlff</span> <span class='ocrx_word' id='word_1_196' title='bbox 424 2704 468 2767; x_wconf 90' lang='lat' dir='ltr'>ad</span> <span class='ocrx_word' id='word_1_197' title='bbox 495 2723 536 2767; x_wconf 90' lang='lat' dir='ltr'>ea</span> <span class='ocrx_word' id='word_1_198' title='bbox 561 2703 745 2768; x_wconf 88' lang='lat' dir='ltr'>certamina</span> <span class='ocrx_word' id='word_1_199' title='bbox 771 2710 806 2767; x_wconf 88' lang='lat' dir='ltr'>et</span> <span class='ocrx_word' id='word_1_200' title='bbox 830 2703 964 2786; x_wconf 88' lang='lat' dir='ltr'>egregia</span> <span class='ocrx_word' id='word_1_201' title='bbox 989 2701 1137 2766; x_wconf 84' lang='lat' dir='ltr'>facinora</span> <span class='ocrx_word' id='word_1_202' title='bbox 1161 2720 1247 2784; x_wconf 89' lang='lat' dir='ltr'>quae</span> <span class='ocrx_word' id='word_1_203' title='bbox 1271 2701 1418 2766; x_wconf 93' lang='lat' dir='ltr'>virorum</span> <span class='ocrx_word' id='word_1_204' title='bbox 1443 2710 1533 2779; x_wconf 85' lang='lat' dir='ltr'>sunt,</span> 
     </span>
    </p>
   </div>
   <div class='ocr_carea' id='block_1_14' title="bbox 249 2803 1637 2890">
    <p class='ocr_par' dir='ltr' id='par_1_15' title="bbox 249 2803 1637 2890">
     <span class='ocr_line' id='line_1_26' title="bbox 249 2803 1637 2890; baseline -0.005 -14"><span class='ocrx_word' id='word_1_205' title='bbox 249 2829 398 2883; x_wconf 51' lang='lat' dir='ltr'>maturar-</span> <span class='ocrx_word' id='word_1_206' title='bbox 425 2816 527 2890; x_wconf 90' lang='lat' dir='ltr'>atque</span> <span class='ocrx_word' id='word_1_207' title='bbox 553 2805 600 2870; x_wconf 88' lang='lat' dir='ltr'>ita</span> <span class='ocrx_word' id='word_1_208' title='bbox 624 2805 657 2869; x_wconf 93' lang='lat' dir='ltr'>in</span> <span class='ocrx_word' id='word_1_209' title='bbox 682 2814 780 2871; x_wconf 92' lang='lat' dir='ltr'>coetu</span> <span class='ocrx_word' id='word_1_210' title='bbox 805 2814 916 2870; x_wconf 89' lang='lat' dir='ltr'>vestro</span> <span class='ocrx_word' id='word_1_211' title='bbox 940 2806 1036 2889; x_wconf 84' lang='lat' dir='ltr'>quasi</span> <span class='ocrx_word' id='word_1_212' title='bbox 1060 2804 1094 2870; x_wconf 92' lang='lat' dir='ltr'>in</span> <span class='ocrx_word' id='word_1_213' title='bbox 1121 2803 1268 2888; x_wconf 89' lang='lat' dir='ltr'>palestra</span> <span class='ocrx_word' id='word_1_214' title='bbox 1292 2812 1327 2869; x_wconf 94' lang='lat' dir='ltr'>et</span> <span class='ocrx_word' id='word_1_215' title='bbox 1351 2804 1532 2888; x_wconf 83' lang='lat' dir='ltr'>gymnasio</span> <span class='ocrx_word' id='word_1_216' title='bbox 1636 2849 1637 2852; x_wconf 19' lang='grc' dir='ltr'><strong>κ</strong></span> 
     </span>
    </p>
   </div>
   <div class='ocr_carea' id='block_1_15' title="bbox 248 2902 1533 3006">
    <p class='ocr_par' dir='ltr' id='par_1_16' title="bbox 248 2902 1533 3006">
     <span class='ocr_line' id='line_1_27' title="bbox 248 2902 1533 3006; baseline -0.004 -32"><span class='ocrx_word' id='word_1_217' title='bbox 248 2903 340 3000; x_wconf 58' lang='lat' dir='ltr'>m}</span> <span class='ocrx_word' id='word_1_218' title='bbox 356 2902 400 3006; x_wconf 61' lang='lat'>,32&#39;</span> <span class='ocrx_word' id='word_1_219' title='bbox 426 2918 585 2995; x_wconf 89' lang='lat' dir='ltr'>parentur</span> <span class='ocrx_word' id='word_1_220' title='bbox 608 2907 733 2974; x_wconf 88' lang='lat' dir='ltr'>Christi</span> <span class='ocrx_word' id='word_1_221' title='bbox 758 2907 891 2985; x_wconf 89' lang='lat' dir='ltr'>milites,</span> <span class='ocrx_word' id='word_1_222' title='bbox 906 2909 963 2992; x_wconf 92' lang='lat' dir='ltr'>qui</span> <span class='ocrx_word' id='word_1_223' title='bbox 986 2906 1167 2991; x_wconf 91' lang='lat' dir='ltr'>suppleant</span> <span class='ocrx_word' id='word_1_224' title='bbox 1190 2906 1326 2971; x_wconf 89' lang='lat' dir='ltr'>ordines</span> <span class='ocrx_word' id='word_1_225' title='bbox 1342 2906 1435 2988; x_wconf 89' lang='lat' dir='ltr'>queis</span> <span class='ocrx_word' id='word_1_226' title='bbox 1449 2925 1533 2970; x_wconf 89' lang='lat' dir='ltr'>con-</span> 
     </span>
    </p>
   </div>
   <div class='ocr_carea' id='block_1_16' title="bbox 196 3009 1538 3920">
    <p class='ocr_par' dir='ltr' id='par_1_17' title="bbox 248 3009 1533 3126">
     <span class='ocr_line' id='line_1_28' title="bbox 248 3009 1533 3126; baseline -0.003 -48"><span class='ocrx_word' id='word_1_227' title='bbox 248 3011 400 3126; x_wconf 42' lang='lat' dir='ltr'>mm</span> <span class='ocrx_word' id='word_1_228' title='bbox 426 3022 494 3080; x_wconf 90' lang='lat' dir='ltr'>stat</span> <span class='ocrx_word' id='word_1_229' title='bbox 520 3032 605 3096; x_wconf 89' lang='lat' dir='ltr'>opus</span> <span class='ocrx_word' id='word_1_230' title='bbox 635 3021 860 3077; x_wconf 89' lang='lat' dir='ltr'>conventuum</span> <span class='ocrx_word' id='word_1_231' title='bbox 891 3020 926 3076; x_wconf 88' lang='lat' dir='ltr'>et</span> <span class='ocrx_word' id='word_1_232' title='bbox 955 3011 1186 3088; x_wconf 88' lang='lat' dir='ltr'>comitatuum,</span> <span class='ocrx_word' id='word_1_233' title='bbox 1212 3009 1304 3093; x_wconf 92' lang='lat' dir='ltr'>quod</span> <span class='ocrx_word' id='word_1_234' title='bbox 1335 3009 1533 3092; x_wconf 85' lang='lat' dir='ltr'>languescat</span> 
     </span>
    </p>

    <p class='ocr_par' dir='ltr' id='par_1_18' title="bbox 250 3114 1533 3202">
     <span class='ocr_line' id='line_1_29' title="bbox 250 3114 1533 3202; baseline -0.005 -18"><span class='ocrx_word' id='word_1_235' title='bbox 250 3141 302 3196; x_wconf 57' lang='grc' dir='ltr'>περι</span> <span class='ocrx_word' id='word_1_236' title='bbox 330 3125 401 3170; x_wconf 65' lang='lat' dir='ltr'>aar.</span> <span class='ocrx_word' id='word_1_237' title='bbox 426 3125 568 3202; x_wconf 85' lang='lat' dir='ltr'>oportet,</span> <span class='ocrx_word' id='word_1_238' title='bbox 598 3116 660 3180; x_wconf 91' lang='lat' dir='ltr'>nisi</span> <span class='ocrx_word' id='word_1_239' title='bbox 692 3115 875 3180; x_wconf 91' lang='lat' dir='ltr'>identidem</span> <span class='ocrx_word' id='word_1_240' title='bbox 901 3115 996 3180; x_wconf 92' lang='lat' dir='ltr'>novis</span> <span class='ocrx_word' id='word_1_241' title='bbox 1022 3122 1227 3180; x_wconf 90' lang='lat' dir='ltr'>sustentetur</span> <span class='ocrx_word' id='word_1_242' title='bbox 1255 3114 1361 3198; x_wconf 91' lang='lat' dir='ltr'>copiis</span> <span class='ocrx_word' id='word_1_243' title='bbox 1388 3133 1433 3177; x_wconf 84' lang='lat' dir='ltr'>ex</span> <span class='ocrx_word' id='word_1_244' title='bbox 1460 3115 1533 3178; x_wconf 90' lang='lat' dir='ltr'>acie</span> 
     </span>
    </p>

    <p class='ocr_par' dir='ltr' id='par_1_19' title="bbox 251 3201 1535 3719">
     <span class='ocr_line' id='line_1_30' title="bbox 251 3201 1533 3304; baseline -0.005 -17"><span class='ocrx_word' id='word_1_245' title='bbox 251 3201 282 3232; x_wconf 65' lang='lat'>&#39;³&#39;</span> <span class='ocrx_word' id='word_1_246' title='bbox 426 3230 537 3286; x_wconf 90' lang='lat' dir='ltr'>vestra</span> <span class='ocrx_word' id='word_1_247' title='bbox 561 3220 725 3304; x_wconf 85' lang='lat' dir='ltr'>proiectis.</span> <span class='ocrx_word' id='word_1_248' title='bbox 753 3219 943 3303; x_wconf 88' lang='lat' dir='ltr'>Eapropter</span> <span class='ocrx_word' id='word_1_249' title='bbox 967 3239 986 3283; x_wconf 92' lang='lat' dir='ltr'>e</span> <span class='ocrx_word' id='word_1_250' title='bbox 1010 3239 1045 3283; x_wconf 94' lang='lat' dir='ltr'>re</span> <span class='ocrx_word' id='word_1_251' title='bbox 1069 3219 1239 3283; x_wconf 88' lang='lat' dir='ltr'>societatis</span> <span class='ocrx_word' id='word_1_252' title='bbox 1263 3218 1436 3300; x_wconf 89' lang='lat' dir='ltr'>utriusque</span> <span class='ocrx_word' id='word_1_253' title='bbox 1459 3237 1533 3282; x_wconf 85' lang='lat' dir='ltr'>esse</span> 
     </span>
     <span class='ocr_line' id='line_1_31' title="bbox 427 3321 1533 3406; baseline -0.004 -16"><span class='ocrx_word' id='word_1_254' title='bbox 427 3345 601 3390; x_wconf 89' lang='lat' dir='ltr'>censemus</span> <span class='ocrx_word' id='word_1_255' title='bbox 621 3333 655 3391; x_wconf 91' lang='lat' dir='ltr'>et</span> <span class='ocrx_word' id='word_1_256' title='bbox 681 3324 896 3389; x_wconf 90' lang='lat' dir='ltr'>vehementer</span> <span class='ocrx_word' id='word_1_257' title='bbox 915 3331 1082 3406; x_wconf 87' lang='lat' dir='ltr'>optamus,</span> <span class='ocrx_word' id='word_1_258' title='bbox 1107 3331 1146 3388; x_wconf 91' lang='lat' dir='ltr'>nt</span> <span class='ocrx_word' id='word_1_259' title='bbox 1169 3321 1301 3388; x_wconf 91' lang='lat' dir='ltr'>sodales</span> <span class='ocrx_word' id='word_1_260' title='bbox 1316 3341 1361 3385; x_wconf 85' lang='lat' dir='ltr'>ex</span> <span class='ocrx_word' id='word_1_261' title='bbox 1378 3322 1533 3386; x_wconf 90' lang='lat' dir='ltr'>instituto</span> 
     </span>
     <span class='ocr_line' id='line_1_32' title="bbox 426 3424 1534 3510; baseline -0.002 -19"><span class='ocrx_word' id='word_1_262' title='bbox 426 3436 537 3492; x_wconf 90' lang='lat' dir='ltr'>vestro</span> <span class='ocrx_word' id='word_1_263' title='bbox 552 3428 734 3493; x_wconf 89' lang='lat' dir='ltr'>iuventutis</span> <span class='ocrx_word' id='word_1_264' title='bbox 750 3447 856 3492; x_wconf 89' lang='lat' dir='ltr'>annos</span> <span class='ocrx_word' id='word_1_265' title='bbox 872 3427 996 3510; x_wconf 90' lang='lat' dir='ltr'>egressi</span> <span class='ocrx_word' id='word_1_266' title='bbox 1010 3427 1170 3491; x_wconf 91' lang='lat' dir='ltr'>continuo</span> <span class='ocrx_word' id='word_1_267' title='bbox 1185 3426 1268 3490; x_wconf 86' lang='lat' dir='ltr'>dent</span> <span class='ocrx_word' id='word_1_268' title='bbox 1283 3424 1422 3489; x_wconf 88' lang='lat' dir='ltr'>nomina</span> <span class='ocrx_word' id='word_1_269' title='bbox 1435 3425 1534 3489; x_wconf 87' lang='lat' dir='ltr'>alteri</span> 
     </span>
     <span class='ocr_line' id='line_1_33' title="bbox 428 3528 1535 3615; baseline 0 -21"><span class='ocrx_word' id='word_1_270' title='bbox 428 3551 528 3615; x_wconf 91' lang='lat' dir='ltr'>quem</span> <span class='ocrx_word' id='word_1_271' title='bbox 555 3531 705 3596; x_wconf 87' lang='lat' dir='ltr'>diximus</span> <span class='ocrx_word' id='word_1_272' title='bbox 731 3531 851 3609; x_wconf 88' lang='lat' dir='ltr'>coetui,</span> <span class='ocrx_word' id='word_1_273' title='bbox 875 3550 895 3595; x_wconf 86' lang='lat' dir='ltr'>a</span> <span class='ocrx_word' id='word_1_274' title='bbox 920 3549 989 3613; x_wconf 92' lang='lat' dir='ltr'>quo</span> <span class='ocrx_word' id='word_1_275' title='bbox 1014 3530 1228 3612; x_wconf 90' lang='lat' dir='ltr'>perlubenter</span> <span class='ocrx_word' id='word_1_276' title='bbox 1254 3528 1390 3612; x_wconf 86' lang='lat' dir='ltr'>excepti</span> <span class='ocrx_word' id='word_1_277' title='bbox 1418 3549 1535 3611; x_wconf 89' lang='lat' dir='ltr'>parem</span> 
     </span>
     <span class='ocr_line' id='line_1_34' title="bbox 428 3631 1446 3719; baseline -0.004 -19"><span class='ocrx_word' id='word_1_278' title='bbox 428 3633 579 3719; x_wconf 87' lang='lat' dir='ltr'>proiecto</span> <span class='ocrx_word' id='word_1_279' title='bbox 594 3635 700 3699; x_wconf 91' lang='lat' dir='ltr'>vicem</span> <span class='ocrx_word' id='word_1_280' title='bbox 717 3633 971 3700; x_wconf 89' lang='lat' dir='ltr'>benevolentiae</span> <span class='ocrx_word' id='word_1_281' title='bbox 986 3633 1142 3717; x_wconf 90' lang='lat' dir='ltr'>gratique</span> <span class='ocrx_word' id='word_1_282' title='bbox 1157 3631 1260 3696; x_wconf 90' lang='lat' dir='ltr'>animi</span> <span class='ocrx_word' id='word_1_283' title='bbox 1277 3633 1446 3716; x_wconf 85' lang='lat' dir='ltr'>recipient</span> 
     </span>
    </p>

    <p class='ocr_par' dir='ltr' id='par_1_20' title="bbox 196 3735 1536 3828">
     <span class='ocr_line' id='line_1_35' title="bbox 196 3735 1536 3828; baseline -0.004 -23"><span class='ocrx_word' id='word_1_284' title='bbox 196 3819 199 3828; x_wconf 33' lang='grc' dir='ltr'>Ι</span> <span class='ocrx_word' id='word_1_285' title='bbox 304 3771 401 3817; x_wconf 59' lang='lat' dir='ltr'>cm.</span> <span class='ocrx_word' id='word_1_286' title='bbox 474 3737 705 3804; x_wconf 90' lang='lat' dir='ltr'>Concordibus</span> <span class='ocrx_word' id='word_1_287' title='bbox 731 3739 844 3820; x_wconf 90' lang='lat' dir='ltr'>itaque</span> <span class='ocrx_word' id='word_1_288' title='bbox 870 3738 991 3803; x_wconf 89' lang='lat' dir='ltr'>studiis</span> <span class='ocrx_word' id='word_1_289' title='bbox 1014 3745 1047 3800; x_wconf 92' lang='lat' dir='ltr'>et</span> <span class='ocrx_word' id='word_1_290' title='bbox 1075 3736 1222 3802; x_wconf 80' lang='lat' dir='ltr'>fraterno</span> <span class='ocrx_word' id='word_1_291' title='bbox 1248 3735 1431 3819; x_wconf 84' lang='lat' dir='ltr'>complexu</span> <span class='ocrx_word' id='word_1_292' title='bbox 1454 3756 1536 3800; x_wconf 85' lang='lat' dir='ltr'>con-</span> 
     </span>
    </p>

    <p class='ocr_par' dir='ltr' id='par_1_21' title="bbox 250 3829 1538 3920">
     <span class='ocr_line' id='line_1_36' title="bbox 250 3829 1538 3920; baseline -0.002 -13"><span class='ocrx_word' id='word_1_293' title='bbox 250 3829 319 3875; x_wconf 48' lang='grc' dir='ltr'>ἀίω</span> <span class='ocrx_word' id='word_1_294' title='bbox 332 3835 404 3890; x_wconf 61' lang='lat' dir='ltr'>“i“</span> <span class='ocrx_word' id='word_1_295' title='bbox 428 3841 533 3910; x_wconf 90' lang='lat' dir='ltr'>iuncti</span> <span class='ocrx_word' id='word_1_296' title='bbox 557 3843 675 3908; x_wconf 91' lang='lat' dir='ltr'>eadem</span> <span class='ocrx_word' id='word_1_297' title='bbox 701 3842 889 3907; x_wconf 86' lang='lat' dir='ltr'>adsuescite</span> <span class='ocrx_word' id='word_1_298' title='bbox 914 3840 1037 3906; x_wconf 90' lang='lat' dir='ltr'>sentire</span> <span class='ocrx_word' id='word_1_299' title='bbox 1053 3860 1092 3904; x_wconf 89' lang='lat' dir='ltr'>ac</span> <span class='ocrx_word' id='word_1_300' title='bbox 1108 3839 1209 3920; x_wconf 82' lang='lat' dir='ltr'>velle3</span> <span class='ocrx_word' id='word_1_301' title='bbox 1230 3841 1374 3905; x_wconf 88' lang='lat' dir='ltr'>neculla</span> <span class='ocrx_word' id='word_1_302' title='bbox 1389 3840 1432 3904; x_wconf 89' lang='lat' dir='ltr'>sit</span> <span class='ocrx_word' id='word_1_303' title='bbox 1448 3841 1538 3904; x_wconf 89' lang='lat' dir='ltr'>inter</span> 
     </span>
    </p>
   </div>
   <div class='ocr_carea' id='block_1_17' title="bbox 241 3888 387 3947">
    <p class='ocr_par' dir='ltr' id='par_1_22' title="bbox 241 3888 387 3947">
     <span class='ocr_line' id='line_1_37' title="bbox 241 3888 387 3947; baseline 0.021 -15"><span class='ocrx_word' id='word_1_304' title='bbox 241 3888 387 3947; x_wconf 74' lang='lat' dir='ltr'>fraternum</span> 
     </span>
    </p>
   </div>
   <div class='ocr_carea' id='block_1_18' title="bbox 249 3944 1535 4054">
    <p class='ocr_par' dir='ltr' id='par_1_23' title="bbox 249 3944 1535 4054">
     <span class='ocr_line' id='line_1_38' title="bbox 249 3944 1535 4054; baseline -0.001 -44"><span class='ocrx_word' id='word_1_305' title='bbox 249 3951 396 4054; x_wconf 56' lang='lat' dir='ltr'>mim</span> <span class='ocrx_word' id='word_1_306' title='bbox 429 3957 608 4031; x_wconf 88' lang='lat' dir='ltr'>utrumque</span> <span class='ocrx_word' id='word_1_307' title='bbox 623 3955 755 4012; x_wconf 90' lang='lat' dir='ltr'>coetum</span> <span class='ocrx_word' id='word_1_308' title='bbox 771 3946 824 4010; x_wconf 92' lang='lat' dir='ltr'>vel</span> <span class='ocrx_word' id='word_1_309' title='bbox 841 3945 973 4011; x_wconf 90' lang='lat' dir='ltr'>sodales</span> <span class='ocrx_word' id='word_1_310' title='bbox 990 3944 1142 4027; x_wconf 87' lang='lat' dir='ltr'>singulos</span> <span class='ocrx_word' id='word_1_311' title='bbox 1159 3944 1332 4008; x_wconf 89' lang='lat' dir='ltr'>contentio</span> <span class='ocrx_word' id='word_1_312' title='bbox 1347 3953 1406 4008; x_wconf 91' lang='lat' dir='ltr'>aut</span> <span class='ocrx_word' id='word_1_313' title='bbox 1421 3965 1535 4009; x_wconf 88' lang='lat' dir='ltr'>aernu-</span> 
     </span>
    </p>
   </div>
   <div class='ocr_carea' id='block_1_19' title="bbox 245 4047 1537 4351">
    <p class='ocr_par' dir='ltr' id='par_1_24' title="bbox 245 4047 1537 4351">
     <span class='ocr_line' id='line_1_39' title="bbox 247 4047 1535 4132; baseline 0 -20"><span class='ocrx_word' id='word_1_314' title='bbox 247 4079 362 4113; x_wconf 69' lang='lat' dir='ltr'>comm</span> <span class='ocrx_word' id='word_1_315' title='bbox 428 4051 518 4116; x_wconf 88' lang='lat' dir='ltr'>latio.</span> <span class='ocrx_word' id='word_1_316' title='bbox 536 4053 653 4118; x_wconf 89' lang='lat' dir='ltr'>Unum</span> <span class='ocrx_word' id='word_1_317' title='bbox 670 4059 743 4116; x_wconf 87' lang='lat' dir='ltr'>esto</span> <span class='ocrx_word' id='word_1_318' title='bbox 754 4049 841 4114; x_wconf 91' lang='lat' dir='ltr'>inter</span> <span class='ocrx_word' id='word_1_319' title='bbox 852 4071 912 4116; x_wconf 91' lang='lat' dir='ltr'>vos</span> <span class='ocrx_word' id='word_1_320' title='bbox 927 4049 1202 4115; x_wconf 85' lang='lat' dir='ltr'>honestissimum</span> <span class='ocrx_word' id='word_1_321' title='bbox 1215 4047 1424 4132; x_wconf 89' lang='lat' dir='ltr'>dignumque</span> <span class='ocrx_word' id='word_1_322' title='bbox 1436 4049 1535 4113; x_wconf 90' lang='lat' dir='ltr'>vobis</span> 
     </span>
     <span class='ocr_line' id='line_1_40' title="bbox 247 4125 1537 4231; baseline -0.005 -9"><span class='ocrx_word' id='word_1_323' title='bbox 247 4125 318 4231; x_wconf 57' lang='lat' dir='ltr'>llll?</span> <span class='ocrx_word' id='word_1_324' title='bbox 334 4127 401 4231; x_wconf 60' lang='grc' dir='ltr'>’ἕῖἷῖ</span> <span class='ocrx_word' id='word_1_325' title='bbox 429 4163 599 4218; x_wconf 90' lang='lat' dir='ltr'>certamen</span> <span class='ocrx_word' id='word_1_326' title='bbox 617 4161 754 4218; x_wconf 89' lang='lat' dir='ltr'>mutuae</span> <span class='ocrx_word' id='word_1_327' title='bbox 769 4151 918 4218; x_wconf 89' lang='lat' dir='ltr'>caritatis</span> <span class='ocrx_word' id='word_1_328' title='bbox 933 4161 967 4216; x_wconf 89' lang='lat' dir='ltr'>et</span> <span class='ocrx_word' id='word_1_329' title='bbox 982 4149 1178 4217; x_wconf 88' lang='lat' dir='ltr'>officiorum.</span> <span class='ocrx_word' id='word_1_330' title='bbox 1202 4150 1279 4215; x_wconf 90' lang='lat' dir='ltr'>Hoc</span> <span class='ocrx_word' id='word_1_331' title='bbox 1303 4147 1418 4214; x_wconf 85' lang='lat' dir='ltr'>fideles</span> <span class='ocrx_word' id='word_1_332' title='bbox 1438 4149 1537 4215; x_wconf 87' lang='lat' dir='ltr'>decet</span> 
     </span>
     <span class='ocr_line' id='line_1_41' title="bbox 245 4244 1537 4351; baseline -0.001 -31"><span class='ocrx_word' id='word_1_333' title='bbox 245 4244 314 4351; x_wconf 53' lang='lat' dir='ltr'>{iffi</span> <span class='ocrx_word' id='word_1_334' title='bbox 338 4244 402 4290; x_wconf 67' lang='lat' dir='ltr'>lm·</span> <span class='ocrx_word' id='word_1_335' title='bbox 430 4256 574 4321; x_wconf 88' lang='lat' dir='ltr'>asseclas</span> <span class='ocrx_word' id='word_1_336' title='bbox 601 4255 724 4322; x_wconf 85' lang='lat' dir='ltr'>Christi</span> <span class='ocrx_word' id='word_1_337' title='bbox 747 4256 805 4338; x_wconf 92' lang='lat' dir='ltr'>qui</span> <span class='ocrx_word' id='word_1_338' title='bbox 831 4259 894 4321; x_wconf 89' lang='lat' dir='ltr'>sub</span> <span class='ocrx_word' id='word_1_339' title='bbox 916 4257 987 4320; x_wconf 90' lang='lat' dir='ltr'>eius</span> <span class='ocrx_word' id='word_1_340' title='bbox 1013 4255 1117 4340; x_wconf 89' lang='lat' dir='ltr'>signis</span> <span class='ocrx_word' id='word_1_341' title='bbox 1142 4253 1296 4319; x_wconf 89' lang='lat' dir='ltr'>militiam</span> <span class='ocrx_word' id='word_1_342' title='bbox 1321 4253 1469 4333; x_wconf 81' lang='lat' dir='ltr'>iaciunt3</span> <span class='ocrx_word' id='word_1_343' title='bbox 1496 4275 1537 4319; x_wconf 91' lang='lat' dir='ltr'>ea</span> 
     </span>
    </p>
   </div>
   <div class='ocr_carea' id='block_1_20' title="bbox 431 4355 1541 4444">
    <p class='ocr_par' dir='ltr' id='par_1_25' title="bbox 431 4355 1541 4444">
     <span class='ocr_line' id='line_1_42' title="bbox 431 4355 1541 4444; baseline 0 -22"><span class='ocrx_word' id='word_1_344' title='bbox 431 4358 531 4424; x_wconf 89' lang='lat' dir='ltr'>laude</span> <span class='ocrx_word' id='word_1_345' title='bbox 544 4357 739 4424; x_wconf 86' lang='lat' dir='ltr'>contendite</span> <span class='ocrx_word' id='word_1_346' title='bbox 755 4358 919 4424; x_wconf 87' lang='lat' dir='ltr'>excelleri.</span> <span class='ocrx_word' id='word_1_347' title='bbox 937 4357 1037 4444; x_wconf 86' lang='lat' dir='ltr'>Quod</span> <span class='ocrx_word' id='word_1_348' title='bbox 1050 4358 1078 4421; x_wconf 88' lang='lat' dir='ltr'>si</span> <span class='ocrx_word' id='word_1_349' title='bbox 1093 4355 1335 4440; x_wconf 89' lang='lat' dir='ltr'>praestiteritis,</span> <span class='ocrx_word' id='word_1_350' title='bbox 1350 4375 1417 4420; x_wconf 92' lang='lat' dir='ltr'>non</span> <span class='ocrx_word' id='word_1_351' title='bbox 1434 4358 1541 4422; x_wconf 90' lang='lat' dir='ltr'>modo</span> 
     </span>
    </p>
   </div>
   <div class='ocr_carea' id='block_1_21' title="bbox 0 0 1699 4916">
    <p class='ocr_par' dir='ltr' id='par_1_26' title="bbox 0 0 1699 4916">
     <span class='ocr_line' id='line_1_43' title="bbox 0 0 1699 4916; baseline 0 0"><span class='ocrx_word' id='word_1_352' title='bbox 0 0 1699 4916; x_wconf 95' lang='lat' dir='ltr'> </span> 
     </span>
    </p>
   </div>
  </div>
 </body>
</html>
