3352 4926
557 329 678 380 rxoax
704 319 953 381 Axxnxrrcus.
1242 329 1309 398 291

1258 479 1312 528 Pag.

315 554 445 610 Pontifex
457 554 562 624 gaudia
575 572 627 609 sua
639 554 785 609 doloribus
798 555 887 609 mixta
900 564 1020 610 testatur
1042 568 1100 625 154.
1129 585 1165 594 -
1185 557 1241 609 De-

277 633 375 688 scribit
384 633 535 704 impiorum
548 633 667 689 consilia
679 646 708 689 et
725 635 800 688 mala
813 633 879 688 inde
901 635 1022 688 oriunda
1038 647 1094 704 154.
1108 635 1240 704 -Quare

275 730 375 768 omnes
386 723 511 767 rectores
521 723 550 768 et
562 712 692 767 subditos
703 713 739 767 de
752 713 875 783 propriis
888 713 988 768 officiis
1001 723 1044 768 est
1058 713 1241 774 adhortatus;

274 793 432 864 praesertim
442 802 539 847 tamen
549 792 719 864 Episcopos¹
732 794 780 864 qui
798 793 871 848 mira
887 793 1078 849 consensione
1091 794 1240 848 Pastorem

275 872 444 943 adjuvarunt
458 883 515 940 155.
529 900 564 912 -
573 873 670 926 Zelum
684 870 824 942 imprimis
834 873 957 926 Austriae
969 873 1138 927 Antistitum
1151 872 1240 926 laudi·

271 953 325 1006 bns
344 950 431 1005 effert
459 951 553 1018 Quem
565 951 603 1005 ad
615 952 704 1004 zelum
717 950 888 1020 augendum,
902 960 931 1004 ut
948 952 1102 1023 quotannis
1123 969 1240 1021 congre-

273 1031 387 1085 diantur
400 1031 501 1085 suadet
517 1030 639 1098 155·156.
653 1057 689 1066 -
703 1028 841 1084 Perutiles
854 1030 925 1084 tales
938 1040 1004 1085 sunt
1022 1029 1239 1099 congressiones

272 1121 333 1165 tum
351 1109 532 1177 Praesulibus,
554 1119 615 1164 tum
628 1107 770 1178 gregibus,
792 1109 903 1179 stipsis
924 1125 990 1163 cum
1009 1109 1135 1164 maximo
1146 1109 1238 1164 fructu

271 1200 429 1244 conventus
442 1188 653 1243 celebrantibus
668 1187 726 1257 156.
740 1215 775 1226 -·
784 1189 961 1258 Argumenta
971 1189 1165 1259 congressuris
1181 1206 1238 1244 non

271 1269 409 1323 deerunt:
423 1267 567 1341 vinculum
580 1267 693 1322 unionis
706 1284 772 1322 cum
786 1269 926 1338 Supremo
941 1268 1076 1334 Pastore;
1093 1269 1238 1323 vindican-

271 1347 308 1401 da
322 1347 438 1401 libertas
452 1345 599 1400 Pontificis
610 1365 618 1411 ;
631 1347 748 1416 negotia
771 1346 936 1401 communia
958 1348 1108 1402 tractanda
1120 1368 1127 1413 ;
1146 1348 1237 1402 clerus

269 1427 307 1480 nd
328 1435 456 1480 mentem
480 1425 641 1480 Tridentini
667 1425 779 1480 concilii
803 1425 989 1492 educandus;
1012 1426 1238 1498 populusiidelis

271 1505 409 1572 doctrina,
419 1505 526 1575 pietate
538 1504 735 1560 informandus
744 1525 751 1570 ;
759 1504 828 1559 boni
838 1505 912 1571 libri,
921 1505 1012 1560 diaria
1020 1505 1164 1575 vulganda
1177 1505 1238 1575 156-

275 1601 283 1638 r
290 1599 330 1654 57.
340 1615 375 1624 -
389 1583 529 1639 Ultimum
543 1601 578 1639 eo
591 1583 682 1654 magis
696 1583 890 1638 necessarium
903 1601 959 1656 quo
974 1585 1068 1654 plures
1082 1584 1110 1638 in
1123 1585 1238 1639 Austria

270 1681 367 1734 pravae
380 1663 578 1734 ephemerides
591 1664 620 1717 in
634 1664 720 1732 vulgo
742 1673 913 1734 sparguntur
928 1664 984 1733 158.
1000 1693 1033 1702 -
1050 1665 1238 1734 Unaquaeque

269 1741 348 1812 regio
361 1760 428 1796 suas
440 1743 546 1798 habeat
559 1741 756 1813 ephemerides
765 1743 857 1797 bonas
873 1743 931 1811 158.
945 1770 980 1780 -
995 1742 1129 1812 Superest
1143 1753 1171 1796 et
1189 1759 1236 1796 cu·

271 1841 302 1876 ra
315 1821 458 1893 opificum,
468 1823 506 1876 ad
518 1831 644 1877 mentem
657 1821 727 1891 legis
741 1821 916 1892 evangelicae
933 1821 990 1891 158.

234 1950 282 1999 41.
306 1949 510 1999 LITTERAE
531 1948 868 2030 APOSTOLICAEVde
888 1949 969 1999 testo
994 1950 1023 1998 S.
1051 1948 1182 2010 losephi
1202 1949 1236 1996 in

197 2037 417 2094 Pedsmontls,
435 2034 840 2098 Ligurrae‚1.ongobardiae
861 2039 893 2085 et
911 2035 1071 2085 Sardiniae
1094 2035 1237 2094 regioni-

195 2123 711 2176 buslnstaurando.—3martii
732 2121 808 2173 1891
1257 2118 1308 2171 160

305 2227 401 2281 Laetus
415 2227 545 2281 Pontifex
558 2227 659 2281 harum
671 2225 796 2298 partium
810 2227 1018 2296 Episcoporum
1040 2237 1107 2280 vota
1126 2225 1235 2295 excepit

270 2307 306 2360 de
319 2305 439 2360 colendo
453 2306 505 2360 sub
519 2306 624 2376 duplici
642 2317 786 2377 praecepto
800 2307 846 2361 die
859 2307 931 2360 festo
946 2307 974 2360 S.
993 2305 1109 2376 losephi
1130 2305 1188 2360 160.
1200 2335 1237 2345 -

272 2385 313 2439 Pii
333 2386 376 2439 IX
390 2385 549 2440 decessoris
563 2383 683 2454 vestigia
696 2401 839 2455 premens,
852 2386 958 2439 cultum
973 2384 1078 2455 Sponsi
1092 2386 1124 2438 B.
1143 2386 1177 2439 V.
1190 2384 1235 2440 lit·

270 2464 337 2518 teris
349 2463 501 2533 encyclicis
514 2463 593 2533 fovit,
607 2463 708 2534 quibus
729 2464 806 2518 orbis
824 2464 981 2518 catholicus
995 2481 1051 2518 uno
1064 2465 1165 2534 plausu
1179 2481 1236 2518 res·

269 2541 368 2613 pondit
393 2543 451 2597 160.
474 2571 509 2580 -
530 2543 618 2597 italos
642 2552 751 2598 ceteras
773 2543 905 2612 regiones
919 2543 1045 2596 unanimi
1068 2543 1097 2597 S.
1118 2543 1236 2613 Josephi

267 2623 344 2678 cultu
357 2639 492 2691 superare
512 2622 594 2676 decet
611 2621 734 2677 16o161.
754 2623 875 2692 —Spes
898 2624 1006 2692 optima
1025 2640 1060 2677 ex
1078 2623 1133 2677 hoc
1147 2623 1236 2677 incre-

271 2711 366 2755 mento
379 2700 494 2770 pietatis
507 2700 635 2754 hauritur
655 2701 759 2755 161.-
779 2701 874 2754 Pietas
895 2701 923 2755 in
946 2701 974 2756 S.
996 2701 1148 2755 Familiam
1162 2717 1236 2755 surn-

268 2797 346 2834 mum
359 2790 458 2834 contra
467 2778 620 2848 praesentia
633 2779 708 2834 mala
721 2779 878 2834 remedium
891 2782 947 2835 161.
962 2810 996 2820 —
1010 2783 1126 2836 Festum
1140 2793 1236 2836 aucto-

268 2861 352 2913 ritate
365 2857 523 2928 apostolica
536 2859 564 2912 in
579 2859 663 2912 ltalia
676 2858 813 2927 superiori
823 2859 984 2916 decernitur
997 2861 1034 2915 de
1046 2861 1152 2930 duplici
1166 2878 1237 2931 prae·

270 2949 354 3007 cepto
368 2938 539 2992 servandum
552 2939 609 2992 161.
660 2935 664 2942 '

233 3053 288 3101 42.
310 3051 516 3100 LITTERAE
536 3051 810 3101 APOSTOLICAE
824 3052 864 3101 de
877 3053 1091 3103 saecularibus
1115 3055 1234 3103 solem-

195 3137 950 3193 ninusS.manutentorem-dmartii1891.
1258 3138 1306 3192 162

305 3255 373 3308 Post
386 3251 534 3308 saecularia
556 3253 695 3309 solemnia
718 3253 907 3310 inhonorem
930 3256 958 3310 S.
982 3257 1126 3311 Theresiae
1146 3274 1236 3328 nuper

267 3333 419 3402 celebrata,
434 3333 564 3387 Pontifex
584 3333 713 3404 apprime
732 3335 836 3390 decens
851 3337 1007 3406 proclamat
1027 3353 1080 3406 par
1099 3337 1236 3392 tributum

269 3413 297 3467 S.
311 3411 414 3482 Joanni
428 3429 446 3466 a
459 3413 549 3465 Cruce
563 3414 600 3466 ab
617 3413 746 3482 ejusdem
764 3414 873 3468 familia
895 3413 966 3469 solvi
991 3415 1048 3469 162.
1062 3445 1097 3454 -—
1109 3416 1236 3472 Virtutes

269 3491 298 3545 S.
312 3490 458 3560 Joannisa
472 3491 563 3544 Cruce
576 3492 720 3560 exemplar
732 3491 872 3559 fidelibus,
885 3511 919 3547 ac
931 3495 1088 3562 praesertim
1101 3495 1235 3550 Carmeli·

269 3571 306 3625 tis
319 3569 440 3640 praelert,
451 3570 617 3638 patientiam
628 3569 768 3640 imprimis
781 3571 940 3626 mirabilem
953 3573 1010 3627 162.
1024 3603 1059 3613 —
1070 3574 1116 3628 Ad
1129 3591 1235 3644 augen-

270 3649 309 3702 da
319 3649 383 3703 haec
396 3647 544 3702 saecularia
560 3648 708 3718 solemnia,
728 3647 809 3718 juxta
825 3661 921 3705 votum
936 3653 1085 3707 Generalis
1100 3653 1236 3708 Carmeli·

269 3737 371 3796 tarum,
384 3728 478 3798 largas
500 3725 692 3796 indulgentias
712 3727 797 3783 certis
819 3729 921 3785 diebus
936 3747 970 3785 ac
992 3730 1062 3786 locis
1085 3732 1236 3788 lucrandas

271 3807 393 3878 benigne
406 3805 538 3862 concedit
551 3807 609 3874 163.

235 3921 292 3972 43.
315 3919 523 3972 EPISTOLA
535 3920 578 3969 ad
590 3919 790 3982 Episcopum
805 3919 1043 3972 Nanceiensem
1058 3927 1090 3973 et
1102 3925 1237 3974 Turren-

192 4007 1020 4070 semdequaestioneopmeum.-7martit1891.
1256 4008 1306 4074 164

307 4111 421 4166 Gratias
431 4127 519 4181 agens
531 4110 567 4164 de
577 4109 730 4180 exemplari
740 4110 870 4180 epistolae
882 4113 1033 4182 pastoralis
1043 4114 1080 4168 ad
1091 4130 1122 4169 se
1131 4115 1236 4184 missae,

272 4189 402 4244 Pontifex
415 4189 512 4243 laudat
529 4189 619 4244 zelum
632 4187 758 4259 episcopi
773 4190 962 4245 Nanceiensis
979 4194 1036 4260 164.
1050 4223 1085 4232 -
1099 4194 1235 4264 Compro-

271 4271 320 4324 bat
334 4267 472 4339 imprimis
490 4284 554 4338 quae
567 4265 689 4336 providit
702 4276 762 4322 tum
780 4269 819 4322 ad
838 4269 905 4324 cleri
923 4271 1092 4328 industriam
1112 4273 1236 4329 excitan-

272 4349 349 4416 dam,
361 4357 423 4402 tum
439 4345 477 4402 ad
489 4345 628 4416 agricolas
641 4362 696 4416 ope
714 4363 796 4402 novae
815 4349 975 4407 sodalitatis
988 4351 1142 4408 christiane
1158 4353 1235 4410 insti·
