3354 4938
784 320 1101 483 emsa-och
1456 370 1479 509 {j

546 583 595 645 ad
617 584 859 644 Francisoum
881 586 1081 662 Lagrange,
1108 587 1335 661 Episcopum
1455 547 1462 559 ο

799 743 1083 804 carnutensem.

516 915 581 976 ua
603 913 840 976 unosuuo
866 915 901 974 s
925 915 1360 980 snu1s1uu1C101u

283 1401 303 1446 s
386 1404 392 1413 ·
432 1402 450 1425 ·-’
469 1408 488 1425 w
545 1381 704 1486 flvTER
728 1403 846 1465 graves
869 1403 908 1446 ac
933 1381 1134 1464 multiplices
1159 1383 1347 1466 Apostolici
1370 1387 1490 1453 Nostri

246 1445 325 1487 MAI!
398 1478 402 1489 s

247 1497 317 1556 1891.
385 1498 402 1565 j

241 1605 357 1675 Pontifex
391 1626 401 1656 ,ι

204 1665 302 1722 querite
286 1667 356 1711 arde
446 1714 449 1719 ,
477 1712 485 1717 ,

203 1737 243 1768 sca
228 1724 318 1768 aranda!
429 1718 435 1729 ’

202 1781 270 1828 orto
259 1796 287 1827 sn
292 1789 355 1842 pago

202 1841 279 1902 Loign
275 1857 300 1900 y.

200 2752 294 2799 Recole!
299 2768 352 2800 con

201 2813 305 2859 rmacis
311 2814 350 2872 se·

201 2871 275 2918 nino
294 2872 352 2918 Ma-

200 2929 277 2976 rhildi
266 2945 288 2976 rs

200 2990 324 3041 Marcia!

194 3049 283 3108 pseudo
293 3050 351 3094 visi·

199 3121 253 3153 ones
282 3111 353 3154 semel

200 3172 319 3225 atquae
309 3167 351 3212 i-re

200 3239 257 3272 runt
284 3226 352 3272 dam-

200 3285 331 3345 natasse*
320 3299 350 3332 ss·

200 3357 240 3398 se,-

545 1495 554 1579 .]
594 1487 738 1552 muneris
753 1505 850 1550 curas
873 1495 908 1550 et
924 1483 1096 1550 molestias
1111 1505 1198 1570 quae
1220 1487 1254 1552 in
1270 1487 1334 1554 hac
1356 1500 1489 1575 tempo·

546 1616 555 1661 ξ.
593 1611 665 1655 rum
682 1590 864 1655 acerbitate
882 1588 954 1654 Nos
975 1589 1123 1673 undique
1138 1601 1304 1673 premunt,
1319 1597 1488 1676 quaedam

439 1712 472 1729 '¹
504 1710 521 1729 ·'
550 1712 560 1731 ‘⁴
592 1713 833 1776 nonnunquam
861 1695 1000 1758 adversa
1023 1693 1226 1758 intercidunt
1241 1713 1328 1777 quae
1346 1697 1424 1762 licet
1451 1701 1488 1764 in

379 1820 415 1864 se
426 1799 709 1883 parvipendenda,
718 1809 831 1861 tamen
844 1797 934 1861 haud
946 1796 1017 1860 leve
1030 1795 1139 1861 Nobis
1149 1795 1292 1863 afferunt
1304 1800 1488 1882 fastidium,

379 1905 572 1987 praesertim
601 1921 703 1986 quum
721 1921 787 1965 non
821 1901 864 1966 ab
891 1900 1054 1976 hostibus,
1069 1901 1128 1964 sed
1145 1900 1188 1964 ab
1215 1902 1486 1973 inobedientibus

380 2007 550 2072 Ecclesiae
566 2007 640 2071 filiis
655 2003 916 2089 proficiscantur.
948 2005 988 2069 id
1005 2025 1110 2087 genus
1137 2015 1216 2068 sunt
1231 2025 1317 2089 quae
1332 2009 1366 2072 in
1391 2030 1485 2094 pago

377 2122 456 2176 tuae
485 2112 655 2190 dioecesis,
681 2109 782 2192 vulgo
811 2108 945 2191 Loigny,
970 2109 1168 2191 iampridem
1193 2113 1352 2176 eveniunt
1379 2131 1486 2196 opera

376 2319 543 2404 imposito,
568 2331 604 2384 ut
635 2320 696 2418 ait,
712 2317 848 2382 nomine
863 2318 1033 2400 gloriatur,
1057 2317 1195 2402 eiusque
1219 2317 1395 2399 lautorum,
1421 2323 1485 2405 qui

376 2425 438 2489 sub
459 2425 593 2508 pietatis
624 2434 657 2488 et
688 2423 749 2487 zeli
774 2441 853 2503 erga
881 2420 1075 2504 religionem
1102 2429 1135 2485 et
1163 2423 1305 2504 patriam
1321 2424 1394 2490 suco
1410 2446 1481 2491 non

377 2528 479 2592 modo
495 2527 661 2604 ordinarii,
678 2546 790 2590 verum
815 2525 917 2588 etiam
938 2523 1083 2588 Nostrae
1098 2543 1274 2606 supremae
1293 2527 1485 2595 auctoritati

376 2632 588 2716 pertinaciter
599 2630 760 2694 obsistere
777 2630 849 2692 ausi
867 2639 953 2691 sunt.

422 2735 602 2800 Enimvero
617 2753 720 2816 quum
739 2731 857 2796 mulier
872 2731 929 2795 illa
940 2732 1111 2797 dictitaret
1123 2731 1350 2815 frequentibus
1361 2734 1489 2801 Christi

378 2838 518 2903 Domini
529 2858 569 2902 ac
584 2837 752 2919 Deiparae
763 2835 914 2918 Virginis
928 2835 1193 2918 apparitionibus
1204 2836 1275 2914 lrui,
1284 2857 1323 2901 ac
1335 2842 1489 2922 supernis

377 2940 735 3008 communicationibus
744 2940 863 3003 donari
866 2940 1019 3022 ,sibique
1031 2940 1270 3004 demandatum
1284 2961 1356 3006 esse
1366 2961 1489 3006 munus

377 3066 500 3112 novum
516 3045 665 3129 erigendi
693 3044 885 3126 religiosum
915 3044 1079 3121 ordinem,
1106 3043 1259 3108 decessor
1274 3055 1361 3123 tuus,
1375 3045 1491 3110 Vene-

376 3151 489 3217 rabilis
505 3151 630 3227 Frater,
646 3158 755 3214 toturn
782 3147 845 3213 hoc
873 3147 1046 3231 negotium
1064 3148 1107 3212 ad
1124 3167 1267 3212 examen
1298 3151 1491 3230 revocavit;

376 3265 409 3320 et
434 3275 536 3338 quum
560 3255 591 3317 ei
614 3253 820 3318 constitisset
854 3252 1005 3316 adsertas
1031 3251 1176 3315 visiones
1202 3271 1242 3315 ac
1268 3251 1490 3316 revelationes

376 3377 467 3423 omm
459 3356 703 3420 'fundamento
718 3354 890 3432 destitui,
881 3374 914 3417 m
932 3354 1230 3436 iisquedesiderari
1245 3353 1491 3422 characteristi-

375 3481 431 3524 cas
447 3460 521 3523 illas
537 3469 643 3536 notas,
665 3459 787 3542 quibus
803 3458 1001 3522 huiusmodi
1017 3457 1281 3541 supernaturalia
1295 3459 1386 3522 dona
1408 3479 1492 3525 vera

374 3583 394 3626 a
411 3561 501 3626 falsis
527 3562 788 3650 distinguuntur,
802 3561 900 3645 plura
933 3563 1003 3625 iure
1025 3563 1209 3643 meritoque
1223 3563 1370 3626 decrevit
1384 3573 1491 3646 atque

374 3667 514 3732 sancivit
544 3667 586 3730 ad
617 3667 810 3730 earumdem
842 3665 1091 3747 evulgationem
1123 3684 1295 3747 novaeque
1317 3666 1490 3730 societatis

372 3773 573 3837 erectionem
585 3769 881 3852 praepediendam.
892 3806 935 3818 -
949 3769 1041 3833 Huic
1052 3769 1173 3834 iudicio
1183 3767 1301 3832 mulier
1315 3768 1490 3851 praedicta

373 3879 511 3961 eiusque
536 3872 727 3938 defensores
758 3872 1028 3955 haudquaquam
1060 3871 1374 3956 acquiescentes,ad
1397 3870 1487 3936 hanc

372 3979 606 4065 Apostolicam
624 3977 746 4043 Sedem
758 3976 982 4059 appellarunt.
995 3976 1062 4042 Sed
1074 3975 1310 4041 venerabilium
1328 3975 1486 4040 Fratrum

372 4087 572 4150 Nostrorum
604 4081 834 4147 Cardinalium
863 4081 1008 4146 Sanctae
1025 4080 1199 4144 Romanae
1225 4090 1259 4144 et
1276 4079 1486 4146 Universalis

375 4189 605 4272 Inquisitionis
630 4186 832 4264 Consilium,
849 4185 943 4250 cuius
970 4185 1215 4250 Praefecturam
1232 4185 1305 4250 Nos
1320 4185 1382 4266 ipsi
1396 4185 1484 4266 geri·

374 4313 457 4371 mus,
483 4292 639 4358 omnibus
670 4301 801 4356 matura
829 4291 1096 4356 consideratione
1111 4289 1292 4373 perpensis,
1308 4287 1485 4372 Nobisque
