3364 4928
399 1106 415 1117 r·
444 1090 452 1117 ⁴
519 1106 533 1123 ’-
564 1083 853 1148 ’·ΑΡΙΕΝΤΙΑΕ
892 1081 1091 1145 christianae
1129 1083 1275 1146 revocari
1313 1094 1503 1168 praecepta,

278 1123 309 1158 ro
408 1124 411 1127 i
454 1118 460 1123 ,

224 1171 368 1280 laffu-
558 1194 568 1279 ζ
602 1190 841 1273 eisquevitam,
858 1209 975 1266 mores,
987 1189 1141 1254 instituta
1151 1191 1350 1274 populorum
1368 1193 1503 1275 penitus

558 1315 567 1353 a
602 1292 812 1369 conformari,
850 1291 1001 1374 quotidie
1026 1292 1134 1374 magis
1163 1302 1303 1376 apparet
1334 1308 1500 1377 oportere.

216 1441 338 1500 sapientia
518 1412 532 1430 ·'
563 1423 574 1447 ν
604 1396 674 1459 illis
704 1397 792 1460 euim
820 1393 1030 1477 posthabitis,
1057 1404 1152 1459 tanta
1182 1397 1231 1460 vis
1259 1407 1310 1462 est
1337 1398 1502 1463 malorum

215 1500 368 1604 Σῇξξαῑξὲζα
394 1511 583 1578 consecuta,
608 1510 645 1565 ut
671 1519 770 1563 nemo
798 1500 930 1582 sapiens
956 1517 1017 1561 nec
1043 1498 1127 1562 serre
1158 1501 1228 1563 sine
1259 1503 1396 1584 ancipiti
1424 1524 1505 1568 cura

215 1619 354 1666 imminent.
393 1605 581 1687 praesentia
593 1613 704 1687 queat,
720 1623 780 1668 nec
799 1603 1020 1684 inposterum
1043 1603 1114 1666 sine
1132 1615 1222 1667 metu
1247 1605 1446 1688 prospicere.
1460 1645 1505 1656 —

394 1709 499 1773 Facta
510 1708 646 1791 quidem
665 1727 731 1771 non
750 1706 926 1772 mediocris
943 1714 992 1770 est
1009 1707 1051 1770 ad
1064 1727 1105 1770 ea
1119 1706 1218 1786 bona,
1233 1729 1320 1791 quae
1335 1720 1415 1773 sunt
1430 1731 1503 1774 cor·

222 1827 367 1899 ,prognota
393 1814 483 1897 poris
520 1824 553 1876 et
591 1820 742 1888 externa,
772 1810 982 1893 progressio:
1013 1811 1071 1874 sed
1103 1811 1212 1875 omnis
1251 1823 1379 1892 natura,
1416 1835 1505 1899 quae

216 1888 367 2000 ‘guum‘
392 1915 537 1980 hominis
554 1915 704 1997 percellit
730 1933 856 1990 sensus,
878 1933 1049 1996 opumque
1065 1923 1098 1978 et
1125 1914 1244 1978 virium
1269 1925 1304 1979 et
1328 1915 1502 1998 copiarum

211 2005 366 2126 mm?
393 2021 568 2104 possessio,
594 2019 622 2082 si
648 2019 907 2083 commoditates
937 2019 1075 2101 gignere
1105 2019 1353 2103 suavitatesque
1380 2039 1504 2102 augere

214 2125 366 2244 Zmissm
392 2125 525 2189 vivendi
553 2133 673 2206 potest,
690 2134 805 2187 natum
833 2124 879 2186 ad
902 2123 1028 2187 maiora
1052 2143 1091 2185 ac
1116 2123 1404 2206 magnificentiora
1430 2123 1503 2188 ani-

213 2256 293 2296 suum,
319 2244 365 2289 ne·
394 2248 484 2293 mum
502 2228 640 2311 explere
666 2247 730 2291 non
760 2237 879 2310 potest.
898 2226 1008 2289 Deum
1025 2234 1185 2308 spectare,
1200 2235 1302 2310 atque
1320 2227 1363 2290 ad
1392 2229 1502 2310 ipsum

213 2309 367 2420 {aff
393 2332 604 2410 contendere,
635 2352 790 2414 suprema
832 2330 888 2393 lex
920 2339 970 2394 est
1002 2331 1090 2394 vitae
1127 2329 1325 2395 hominum:
1363 2332 1421 2414 qui
1459 2334 1503 2396 ad

214 2423 366 2535 ‘fam‘
392 2439 572 2520 imaginem
598 2436 724 2501 conditi
752 2435 1074 2518 similitudinemque
1097 2436 1257 2515 divinam,
1280 2441 1400 2500 natura
1430 2437 1504 2520 ipsa

213 2539 300 2643 dgfjr‘
326 2555 365 2586 ’⁸‘-
392 2540 434 2604 ad
451 2552 621 2604 auctorem
638 2560 735 2603 suum
747 2539 947 2622 potiundum
964 2539 1177 2604 vehementer
1189 2541 1378 2604 incitantur.
1395 2540 1504 2624 Atqui

214 2613 229 2658 q
270 2632 276 2645 ’
392 2664 459 2708 non
477 2654 570 2709 motu
587 2645 701 2727 aliquo
716 2663 881 2726 cursuque
905 2645 1052 2728 corporis
1068 2643 1218 2709 tenditur
1239 2643 1293 2707 ad.
1305 2643 1427 2722 Deum,
1443 2647 1502 2708 sed

392 2748 431 2811 iis
458 2766 544 2830 quae
571 2757 649 2811 sunt
675 2747 788 2825 animi,
815 2747 1008 2831 cognitione
1035 2756 1137 2831 atque
1161 2746 1292 2812 affectu.
1318 2747 1380 2811 Est
1411 2749 1502 2811 enim

392 2851 486 2915 Deus
510 2852 619 2934 prima
645 2872 684 2916 ac
711 2871 867 2932 suprema
892 2852 1024 2929 veritas,
1049 2872 1109 2915 nec
1141 2853 1204 2916 uisi
1236 2871 1330 2915 mens
1361 2852 1503 2916 veritate

391 2955 511 3020 alitur:
531 2964 582 3019 est
602 2955 691 3019 idem
709 2954 856 3037 perlecta
879 2955 1039 3020 sanctitas
1064 2975 1302 3039 summumque
1324 2955 1503 3032 bonorum,

391 3079 459 3143 quo
474 3057 545 3124 sola
560 3057 715 3124 voluntas
731 3059 877 3142 aspirare
893 3069 927 3122 et
942 3061 1108 3136 accedere,
1124 3061 1209 3123 duce
1232 3060 1364 3136 virtute,
1380 3070 1504 3142 potest.

215 3160 366 3268 zetlfflocvss'
435 3161 535 3244 Quod
563 3172 676 3227 autem
704 3163 746 3226 de
771 3163 911 3245 singulis
936 3163 1138 3240 hominibus,
1154 3163 1242 3227 idem
1270 3164 1314 3227 de
1338 3165 1501 3228 societate

215 3285 270 3327 rare.
391 3273 464 3329 tum
480 3265 665 3330 domestica
692 3277 763 3330 tum
789 3267 890 3329 etiam
907 3266 996 3330 civili
1024 3264 1289 3349 intelligendum.
1305 3265 1384 3328 Non
1410 3267 1500 3330 enim

391 3369 436 3433 ob
455 3368 542 3434 hanc
558 3389 709 3434 caussam
727 3371 842 3452 genuit
870 3381 990 3434 natura
1006 3371 1201 3436 societatem
1219 3381 1256 3434 ut
1272 3370 1379 3454 ipsam
1394 3372 1501 3435 homo

390 3483 583 3558 sequeretur
606 3484 779 3556 tamquam
808 3472 917 3551 finem,
933 3475 991 3537 sed
1021 3483 1057 3538 ut
1074 3473 1107 3538 in
1123 3494 1164 3538 ea
1191 3485 1224 3538 et
1240 3494 1298 3557 per
1314 3494 1388 3538 earn
1406 3475 1501 3538 adiu-

232 3598 364 3666 prono.
391 3590 505 3643 menta
531 3579 574 3642 ad
602 3577 838 3661 perfectionem
865 3580 915 3642 sui
944 3587 1024 3661 apta
1048 3579 1214 3662 reperiret.
1240 3579 1276 3644 Si
1301 3599 1369 3663 qua
1396 3579 1499 3661 igitur

213 3661 365 3774 ῗξωὶἶζξζῖ
388 3683 506 3748 civitas
530 3681 611 3746 nihil
639 3690 770 3764 praeter
793 3682 1052 3746 commoditates
1075 3690 1232 3746 externas
1259 3683 1414 3766 vitaeque
1429 3683 1499 3745 cul·

213 3774 363 3894 ᾖξ’·
390 3797 461 3851 tum
492 3804 569 3849 cum
601 3784 768 3868 elegantia
798 3793 832 3848 et
862 3785 960 3866 copia
991 3797 1219 3867 persequatur,
1249 3785 1276 3848 si
1312 3786 1425 3849 Deum
1464 3785 1498 3848 in

214 3893 342 3956 nulum·
390 3888 656 3954 administranda
671 3887 841 3971 republica
857 3889 1034 3972 negligere,
1046 3908 1107 3952 nec
1124 3888 1214 3970 leges
1230 3909 1345 3952 curare
1356 3890 1499 3953 morales

212 3967 363 4060 meam
390 3990 607 4069 consueverit,
622 3990 800 4056 deterrime
815 3993 946 4057 aberrat
963 3994 1007 4056 ab
1022 3993 1176 4057 instituto
1188 4014 1250 4058 suo
1265 4003 1299 4059 et
1315 3994 1501 4078 praescrip-

212 4073 338 4120 uenuaesr.
390 4095 482 4159 tione
518 4101 666 4171 naturae,
696 4114 804 4178 neque
834 4105 905 4159 tam
936 4104 988 4159 est
1017 4114 1057 4159 ea
1087 4097 1229 4160 societas
1259 4097 1435 4161 hominum
1466 4107 1501 4160 et

390 4197 615 4264 communitas
645 4198 805 4280 putanda,
831 4219 933 4282 quam
962 4197 1066 4263 fallax
1090 4200 1235 4264 imitatio
1261 4200 1500 4285 simulatioque

390 4302 569 4369 societatis.
591 4338 635 4351 —
663 4301 816 4366 Iamvero
829 4323 878 4380 ea,
893 4323 979 4387 quae
995 4303 1153 4382 diximus,
1169 4279 1272 4367 dirimi
1293 4303 1392 4380 bona,
1407 4325 1497 4387 quae

227 1382 367 1428 Posthabito
399 1424 409 1447 ,ὁ
440 1416 450 1431 κ,
480 1412 500 1431 ,ω
