<?xml version="1.0" encoding="UTF-8"?>
<!DOCTYPE html PUBLIC "-//W3C//DTD XHTML 1.0 Transitional//EN"
    "http://www.w3.org/TR/xhtml1/DTD/xhtml1-transitional.dtd">
<html xmlns="http://www.w3.org/1999/xhtml" xml:lang="en" lang="en">
 <head>
  <title>
</title>
<meta http-equiv="Content-Type" content="text/html;charset=utf-8" />
  <meta name='ocr-system' content='tesseract 3.04.00' />
  <meta name='ocr-capabilities' content='ocr_page ocr_carea ocr_par ocr_line ocrx_word'/>
</head>
<body>
  <div class='ocr_page' id='page_1' title='image "./sanctissimidomi02xiiigoog_0077.png"; bbox 0 0 3364 4928; ppageno 0'>
   <div class='ocr_carea' id='block_1_1' title="bbox 416 364 451 468">
    <p class='ocr_par' dir='ltr' id='par_1_1' title="bbox 416 364 451 468">
     <span class='ocr_line' id='line_1_1' title="bbox 416 364 451 421; baseline 0 -20"><span class='ocrx_word' id='word_1_1' title='bbox 416 364 451 421; x_wconf 60' lang='lat'>,¹3¹</span> 
     </span>
     <span class='ocr_line' id='line_1_2' title="bbox 421 428 445 468; baseline 0 0"><span class='ocrx_word' id='word_1_2' title='bbox 421 428 445 468; x_wconf 70' lang='lat' dir='ltr'>l:</span> 
     </span>
    </p>
   </div>
   <div class='ocr_carea' id='block_1_2' title="bbox 487 563 1429 640">
    <p class='ocr_par' dir='ltr' id='par_1_2' title="bbox 415 510 1499 669">
     <span class='ocr_line' id='line_1_3' title="bbox 487 563 1429 640; baseline 0.006 -18.601"><span class='ocrx_word' id='word_1_3' title='bbox 487 566 535 624; x_wconf 86' lang='lat' dir='ltr'>ad</span> <span class='ocrx_word' id='word_1_4' title='bbox 552 565 890 639; x_wconf 73' lang='lat' dir='ltr'>arehiepiscopum</span> <span class='ocrx_word' id='word_1_5' title='bbox 912 563 1177 632; x_wconf 77' lang='lat' dir='ltr'>Rhodiensem.</span> <span class='ocrx_word' id='word_1_6' title='bbox 1202 566 1429 640; x_wconf 77' lang='lat' dir='ltr'><strong>Episcopum</strong></span> 
     </span>
    </p>
   </div>
   <div class='ocr_carea' id='block_1_3' title="bbox 418 674 1499 933">
    <p class='ocr_par' dir='ltr' id='par_1_3' title="bbox 418 674 1502 933">
     <span class='ocr_line' id='line_1_4' title="bbox 418 674 1499 933; baseline -0.002 -14"><span class='ocrx_word' id='word_1_7' title='bbox 418 674 1499 933; x_wconf 66' lang='lat'>12=÷÷</span> 
     </span>
    </p>
   </div>
   <div class='ocr_carea' id='block_1_4' title="bbox 222 1207 1511 2124">
    <p class='ocr_par' dir='ltr' id='par_1_4' title="bbox 254 1207 1509 1584">
     <span class='ocr_line' id='line_1_5' title="bbox 282 1207 1506 1297; baseline 0.002 -20"><span class='ocrx_word' id='word_1_8' title='bbox 282 1245 312 1290; x_wconf 89' lang='lat'>17</span> <span class='ocrx_word' id='word_1_9' title='bbox 437 1273 550 1286; x_wconf 59' lang='lat'><em>...—</em></span> <span class='ocrx_word' id='word_1_10' title='bbox 597 1209 820 1276; x_wconf 86' lang='lat' dir='ltr'><strong>RAVITER</strong></span> <span class='ocrx_word' id='word_1_11' title='bbox 832 1209 1016 1274; x_wconf 88' lang='lat' dir='ltr'>admodum</span> <span class='ocrx_word' id='word_1_12' title='bbox 1028 1207 1235 1292; x_wconf 89' lang='lat' dir='ltr'>molesteque</span> <span class='ocrx_word' id='word_1_13' title='bbox 1246 1209 1394 1290; x_wconf 90' lang='lat' dir='ltr'>tulimus,</span> <span class='ocrx_word' id='word_1_14' title='bbox 1404 1223 1506 1297; x_wconf 90' lang='lat' dir='ltr'>prout</span> 
     </span>
     <span class='ocr_line' id='line_1_6' title="bbox 254 1208 1509 1584; baseline 0.006 -208"><span class='ocrx_word' id='word_1_15' title='bbox 254 1293 272 1342; x_wconf 88' lang='lat' dir='ltr'><em>J</em></span> <span class='ocrx_word' id='word_1_16' title='bbox 267 1291 345 1402; x_wconf 52' lang='grc' dir='ltr'>,(1ξὲ</span> <span class='ocrx_word' id='word_1_17' title='bbox 400 1208 590 1584; x_wconf 50' lang='lat'>{¹6¹}</span> <span class='ocrx_word' id='word_1_18' title='bbox 616 1314 733 1378; x_wconf 87' lang='lat' dir='ltr'>teiam</span> <span class='ocrx_word' id='word_1_19' title='bbox 750 1313 866 1378; x_wconf 91' lang='lat' dir='ltr'>docuit</span> <span class='ocrx_word' id='word_1_20' title='bbox 881 1311 1024 1378; x_wconf 89' lang='lat' dir='ltr'>dilectus</span> <span class='ocrx_word' id='word_1_21' title='bbox 1040 1310 1129 1376; x_wconf 86' lang='lat' dir='ltr'>filius</span> <span class='ocrx_word' id='word_1_22' title='bbox 1145 1311 1270 1376; x_wconf 86' lang='lat' dir='ltr'><strong>Noster</strong></span> <span class='ocrx_word' id='word_1_23' title='bbox 1285 1312 1476 1381; x_wconf 88' lang='lat' dir='ltr'>Cardinalis</span> <span class='ocrx_word' id='word_1_24' title='bbox 1487 1339 1509 1384; x_wconf 88' lang='lat' dir='ltr'>a</span> 
     </span>
     <span class='ocr_line' id='line_1_7' title="bbox 616 1415 1507 1502; baseline 0.004 -21"><span class='ocrx_word' id='word_1_25' title='bbox 616 1417 758 1500; x_wconf 86' lang='lat' dir='ltr'><strong>publicis</strong></span> <span class='ocrx_word' id='word_1_26' title='bbox 774 1415 918 1499; x_wconf 88' lang='lat' dir='ltr'>negotiis</span> <span class='ocrx_word' id='word_1_27' title='bbox 934 1415 1140 1493; x_wconf 80' lang='lat' dir='ltr'>administer,</span> <span class='ocrx_word' id='word_1_28' title='bbox 1156 1435 1331 1496; x_wconf 87' lang='lat' dir='ltr'>procacem</span> <span class='ocrx_word' id='word_1_29' title='bbox 1348 1438 1507 1502; x_wconf 90' lang='lat' dir='ltr'>quorum·</span> 
     </span>
    </p>

    <p class='ocr_par' dir='ltr' id='par_1_5' title="bbox 222 1505 1511 1914">
     <span class='ocr_line' id='line_1_8' title="bbox 222 1505 1503 1630; baseline 0.007 -49"><span class='ocrx_word' id='word_1_30' title='bbox 222 1512 375 1630; x_wconf 40' lang='lat' dir='ltr'>&amp;sm</span> <span class='ocrx_word' id='word_1_31' title='bbox 439 1505 589 1582; x_wconf 52' lang='lat' dir='ltr'>W</span> <span class='ocrx_word' id='word_1_32' title='bbox 614 1522 693 1586; x_wconf 89' lang='lat' dir='ltr'>dam</span> <span class='ocrx_word' id='word_1_33' title='bbox 733 1518 963 1584; x_wconf 86' lang='lat' dir='ltr'>Melitensium</span> <span class='ocrx_word' id='word_1_34' title='bbox 1008 1517 1262 1601; x_wconf 86' lang='lat' dir='ltr'>ephemeridum</span> <span class='ocrx_word' id='word_1_35' title='bbox 1301 1522 1503 1604; x_wconf 89' lang='lat' dir='ltr'>scriptorum</span> 
     </span>
     <span class='ocr_line' id='line_1_9' title="bbox 222 1623 1508 1735; baseline 0.005 -50"><span class='ocrx_word' id='word_1_36' title='bbox 222 1644 268 1734; x_wconf 45' lang='lat' dir='ltr'>ase</span> <span class='ocrx_word' id='word_1_37' title='bbox 290 1633 375 1735; x_wconf 49' lang='lat' dir='ltr'>ss&#39;m&#39;?</span> <span class='ocrx_word' id='word_1_38' title='bbox 400 1625 580 1704; x_wconf 89' lang='lat' dir='ltr'>licentiam,</span> <span class='ocrx_word' id='word_1_39' title='bbox 595 1625 653 1708; x_wconf 91' lang='lat' dir='ltr'>qui</span> <span class='ocrx_word' id='word_1_40' title='bbox 669 1633 712 1702; x_wconf 90' lang='lat' dir='ltr'>te,</span> <span class='ocrx_word' id='word_1_41' title='bbox 726 1633 896 1706; x_wconf 84' lang='lat' dir='ltr'>pastorem</span> <span class='ocrx_word' id='word_1_42' title='bbox 913 1641 1020 1700; x_wconf 88' lang='lat' dir='ltr'>suum,</span> <span class='ocrx_word' id='word_1_43' title='bbox 1047 1623 1195 1706; x_wconf 82' lang='lat' dir='ltr'>indignis</span> <span class='ocrx_word' id='word_1_44' title='bbox 1210 1625 1422 1690; x_wconf 87' lang='lat' dir='ltr'>contumeliis</span> <span class='ocrx_word' id='word_1_45' title='bbox 1445 1627 1508 1692; x_wconf 88' lang='lat' dir='ltr'>im·</span> 
     </span>
     <span class='ocr_line' id='line_1_10' title="bbox 223 1698 1511 1814; baseline 0.002 -21"><span class='ocrx_word' id='word_1_46' title='bbox 223 1703 270 1802; x_wconf 54' lang='grc' dir='ltr'>ὦ,</span> <span class='ocrx_word' id='word_1_47' title='bbox 312 1698 374 1738; x_wconf 63' lang='lat'>‘&#39;⁸¹&#39;&#39;</span> <span class='ocrx_word' id='word_1_48' title='bbox 400 1739 512 1810; x_wconf 86' lang='lat' dir='ltr'>petere</span> <span class='ocrx_word' id='word_1_49' title='bbox 536 1738 571 1792; x_wconf 88' lang='lat' dir='ltr'>et</span> <span class='ocrx_word' id='word_1_50' title='bbox 597 1728 685 1792; x_wconf 87' lang='lat' dir='ltr'>hanc</span> <span class='ocrx_word' id='word_1_51' title='bbox 712 1725 945 1811; x_wconf 84' lang='lat' dir='ltr'>Apostolicam</span> <span class='ocrx_word' id='word_1_52' title='bbox 972 1725 1097 1791; x_wconf 89' lang='lat' dir='ltr'>Sedem</span> <span class='ocrx_word' id='word_1_53' title='bbox 1123 1725 1196 1810; x_wconf 87' lang='lat' dir='ltr'>pari</span> <span class='ocrx_word' id='word_1_54' title='bbox 1222 1727 1362 1793; x_wconf 90' lang='lat' dir='ltr'>iniuriae</span> <span class='ocrx_word' id='word_1_55' title='bbox 1387 1749 1511 1814; x_wconf 81' lang='lat' dir='ltr'>genere</span> 
     </span>
     <span class='ocr_line' id='line_1_11' title="bbox 400 1831 1508 1914; baseline 0.005 -19"><span class='ocrx_word' id='word_1_56' title='bbox 400 1833 560 1896; x_wconf 85' lang='lat' dir='ltr'>lacessere</span> <span class='ocrx_word' id='word_1_57' title='bbox 575 1833 647 1897; x_wconf 90' lang='lat' dir='ltr'>ausi</span> <span class='ocrx_word' id='word_1_58' title='bbox 663 1843 749 1897; x_wconf 92' lang='lat' dir='ltr'>sunt.</span> <span class='ocrx_word' id='word_1_59' title='bbox 765 1869 809 1880; x_wconf 94' lang='lat'>—</span> <span class='ocrx_word' id='word_1_60' title='bbox 829 1831 902 1896; x_wconf 86' lang='lat' dir='ltr'>Nec</span> <span class='ocrx_word' id='word_1_61' title='bbox 926 1831 1038 1895; x_wconf 92' lang='lat' dir='ltr'>minus</span> <span class='ocrx_word' id='word_1_62' title='bbox 1065 1831 1278 1914; x_wconf 89' lang='lat' dir='ltr'>improbandi</span> <span class='ocrx_word' id='word_1_63' title='bbox 1303 1843 1382 1900; x_wconf 91' lang='lat' dir='ltr'>sunt</span> <span class='ocrx_word' id='word_1_64' title='bbox 1406 1855 1508 1901; x_wconf 87' lang='lat' dir='ltr'>ausus</span> 
     </span>
    </p>

    <p class='ocr_par' dir='ltr' id='par_1_6' title="bbox 222 1911 1508 2124">
     <span class='ocr_line' id='line_1_12' title="bbox 222 1911 1506 2021; baseline 0.008 -26"><span class='ocrx_word' id='word_1_65' title='bbox 222 1911 375 2016; x_wconf 41' lang='lat' dir='ltr'>mm&amp;</span> <span class='ocrx_word' id='word_1_66' title='bbox 399 1935 591 2000; x_wconf 89' lang='lat' dir='ltr'>huiusmodi</span> <span class='ocrx_word' id='word_1_67' title='bbox 607 1937 698 2019; x_wconf 91' lang='lat' dir='ltr'>quod</span> <span class='ocrx_word' id='word_1_68' title='bbox 711 1955 826 2001; x_wconf 90' lang='lat' dir='ltr'>eorum</span> <span class='ocrx_word' id='word_1_69' title='bbox 850 1935 956 2019; x_wconf 88' lang='lat' dir='ltr'>petita</span> <span class='ocrx_word' id='word_1_70' title='bbox 981 1934 1080 2000; x_wconf 86' lang='lat' dir='ltr'>luerit</span> <span class='ocrx_word' id='word_1_71' title='bbox 1094 1935 1227 2000; x_wconf 88' lang='lat' dir='ltr'>occasio</span> <span class='ocrx_word' id='word_1_72' title='bbox 1242 1955 1288 2000; x_wconf 85' lang='lat' dir='ltr'>ex</span> <span class='ocrx_word' id='word_1_73' title='bbox 1303 1937 1506 2021; x_wconf 87' lang='lat' dir='ltr'>quibusdam</span> 
     </span>
     <span class='ocr_line' id='line_1_13' title="bbox 222 2029 1508 2124; baseline 0.008 -25"><span class='ocrx_word' id='word_1_74' title='bbox 222 2041 269 2074; x_wconf 77' lang='lat'>&#39;¹⁰⁸</span> <span class='ocrx_word' id='word_1_75' title='bbox 319 2029 373 2099; x_wconf 57' lang='lat' dir='ltr'>var.</span> <span class='ocrx_word' id='word_1_76' title='bbox 398 2039 610 2104; x_wconf 87' lang='lat' dir='ltr'>documentis</span> <span class='ocrx_word' id='word_1_77' title='bbox 626 2041 659 2104; x_wconf 92' lang='lat' dir='ltr'>in</span> <span class='ocrx_word' id='word_1_78' title='bbox 675 2040 796 2122; x_wconf 86' lang='lat' dir='ltr'>vulgus</span> <span class='ocrx_word' id='word_1_79' title='bbox 823 2039 931 2116; x_wconf 87' lang='lat' dir='ltr'>editis,</span> <span class='ocrx_word' id='word_1_80' title='bbox 958 2058 1045 2121; x_wconf 90' lang='lat' dir='ltr'>quae</span> <span class='ocrx_word' id='word_1_81' title='bbox 1071 2039 1114 2103; x_wconf 87' lang='lat' dir='ltr'>ad</span> <span class='ocrx_word' id='word_1_82' title='bbox 1139 2039 1279 2104; x_wconf 90' lang='lat' dir='ltr'>consilia</span> <span class='ocrx_word' id='word_1_83' title='bbox 1305 2043 1508 2124; x_wconf 86' lang='lat' dir='ltr'>spectabant</span> 
     </span>
    </p>
   </div>
   <div class='ocr_carea' id='block_1_5' title="bbox 218 2086 1508 2228">
    <p class='ocr_par' dir='ltr' id='par_1_7' title="bbox 218 2086 1508 2228">
     <span class='ocr_line' id='line_1_14' title="bbox 218 2086 1508 2228; baseline 0.008 -24"><span class='ocrx_word' id='word_1_84' title='bbox 218 2086 372 2204; x_wconf 48' lang='lat' dir='ltr'>{mmm</span> <span class='ocrx_word' id='word_1_85' title='bbox 399 2141 485 2208; x_wconf 90' lang='lat' dir='ltr'>ultro</span> <span class='ocrx_word' id='word_1_86' title='bbox 500 2144 652 2228; x_wconf 89' lang='lat' dir='ltr'>citroque</span> <span class='ocrx_word' id='word_1_87' title='bbox 666 2143 789 2208; x_wconf 85' lang='lat' dir='ltr'>collata</span> <span class='ocrx_word' id='word_1_88' title='bbox 812 2143 901 2208; x_wconf 90' lang='lat' dir='ltr'>circa</span> <span class='ocrx_word' id='word_1_89' title='bbox 927 2144 1065 2225; x_wconf 89' lang='lat' dir='ltr'>negotia</span> <span class='ocrx_word' id='word_1_90' title='bbox 1088 2143 1256 2227; x_wconf 85' lang='lat' dir='ltr'>quaedam</span> <span class='ocrx_word' id='word_1_91' title='bbox 1281 2145 1508 2214; x_wconf 84' lang='lat' dir='ltr'>ecclesiastica</span> 
     </span>
    </p>
   </div>
   <div class='ocr_carea' id='block_1_6' title="bbox 221 2205 1504 3370">
    <p class='ocr_par' dir='ltr' id='par_1_8' title="bbox 221 2205 1504 3370">
     <span class='ocr_line' id='line_1_15' title="bbox 221 2205 1504 2330; baseline 0.005 -21"><span class='ocrx_word' id='word_1_92' title='bbox 221 2205 373 2312; x_wconf 51' lang='grc' dir='ltr'>1ξῖίῖφῖξῖ</span> <span class='ocrx_word' id='word_1_93' title='bbox 398 2248 493 2312; x_wconf 90' lang='lat' dir='ltr'>istius</span> <span class='ocrx_word' id='word_1_94' title='bbox 509 2247 637 2311; x_wconf 89' lang='lat' dir='ltr'>insulae</span> <span class='ocrx_word' id='word_1_95' title='bbox 653 2248 739 2312; x_wconf 84' lang='lat' dir='ltr'>inter</span> <span class='ocrx_word' id='word_1_96' title='bbox 755 2247 878 2313; x_wconf 87' lang='lat' dir='ltr'>Sedem</span> <span class='ocrx_word' id='word_1_97' title='bbox 896 2246 1131 2330; x_wconf 88' lang='lat' dir='ltr'>Apostolicam</span> <span class='ocrx_word' id='word_1_98' title='bbox 1143 2257 1178 2312; x_wconf 87' lang='lat' dir='ltr'>et</span> <span class='ocrx_word' id='word_1_99' title='bbox 1193 2246 1401 2314; x_wconf 88' lang='lat' dir='ltr'>Gubernium</span> <span class='ocrx_word' id='word_1_100' title='bbox 1418 2271 1504 2316; x_wconf 88' lang='lat' dir='ltr'>sere·</span> 
     </span>
     <span class='ocr_line' id='line_1_16' title="bbox 221 2331 1499 2437; baseline 0.005 -24"><span class='ocrx_word' id='word_1_101' title='bbox 221 2337 289 2429; x_wconf 51' lang='lat' dir='ltr'>&#39;effic</span> <span class='ocrx_word' id='word_1_102' title='bbox 320 2331 373 2370; x_wconf 71' lang='lat'>‘&#39;⁰&#39;&#39;</span> <span class='ocrx_word' id='word_1_103' title='bbox 398 2351 555 2415; x_wconf 88' lang='lat' dir='ltr'>nissimae</span> <span class='ocrx_word' id='word_1_104' title='bbox 584 2351 775 2434; x_wconf 88' lang='lat' dir='ltr'>Anglorum</span> <span class='ocrx_word' id='word_1_105' title='bbox 804 2350 964 2433; x_wconf 80' lang='lat' dir='ltr'>Reginae</span> <span class='ocrx_word' id='word_1_106' title='bbox 1003 2349 1090 2414; x_wconf 92' lang='lat' dir='ltr'>lllud</span> <span class='ocrx_word' id='word_1_107' title='bbox 1119 2369 1200 2414; x_wconf 87' lang='lat' dir='ltr'>sane</span> <span class='ocrx_word' id='word_1_108' title='bbox 1224 2351 1381 2416; x_wconf 85' lang='lat' dir='ltr'>miserum</span> <span class='ocrx_word' id='word_1_109' title='bbox 1406 2353 1499 2437; x_wconf 90' lang='lat' dir='ltr'>quod</span> 
     </span>
     <span class='ocr_line' id='line_1_17' title="bbox 397 2453 1502 2540; baseline 0.005 -24"><span class='ocrx_word' id='word_1_110' title='bbox 397 2454 607 2536; x_wconf 85' lang='lat' dir='ltr'>opinationes</span> <span class='ocrx_word' id='word_1_111' title='bbox 622 2456 799 2538; x_wconf 87' lang='lat' dir='ltr'>quaedam,</span> <span class='ocrx_word' id='word_1_112' title='bbox 824 2463 900 2519; x_wconf 90' lang='lat' dir='ltr'>utut</span> <span class='ocrx_word' id='word_1_113' title='bbox 925 2475 946 2517; x_wconf 89' lang='lat' dir='ltr'>a</span> <span class='ocrx_word' id='word_1_114' title='bbox 973 2453 1106 2518; x_wconf 90' lang='lat' dir='ltr'>Nostris</span> <span class='ocrx_word' id='word_1_115' title='bbox 1126 2453 1264 2534; x_wconf 91' lang='lat' dir='ltr'>alienae,</span> <span class='ocrx_word' id='word_1_116' title='bbox 1288 2456 1328 2519; x_wconf 91' lang='lat' dir='ltr'>iis</span> <span class='ocrx_word' id='word_1_117' title='bbox 1350 2477 1502 2540; x_wconf 87' lang='lat' dir='ltr'>compre·</span> 
     </span>
     <span class='ocr_line' id='line_1_18' title="bbox 397 2556 1501 2641; baseline 0.004 -21"><span class='ocrx_word' id='word_1_118' title='bbox 397 2559 521 2622; x_wconf 87' lang='lat' dir='ltr'>hensae</span> <span class='ocrx_word' id='word_1_119' title='bbox 535 2556 654 2622; x_wconf 87' lang='lat' dir='ltr'>litteris</span> <span class='ocrx_word' id='word_1_120' title='bbox 680 2577 798 2622; x_wconf 87' lang='lat' dir='ltr'>ansam</span> <span class='ocrx_word' id='word_1_121' title='bbox 825 2557 984 2641; x_wconf 87' lang='lat' dir='ltr'>praebere</span> <span class='ocrx_word' id='word_1_122' title='bbox 1005 2558 1175 2640; x_wconf 89' lang='lat' dir='ltr'>potuerint</span> <span class='ocrx_word' id='word_1_123' title='bbox 1201 2559 1244 2623; x_wconf 93' lang='lat' dir='ltr'>ad</span> <span class='ocrx_word' id='word_1_124' title='bbox 1273 2559 1501 2625; x_wconf 87' lang='lat' dir='ltr'>incendendos</span> 
     </span>
     <span class='ocr_line' id='line_1_19' title="bbox 396 2662 1504 2749; baseline 0.003 -21"><span class='ocrx_word' id='word_1_125' title='bbox 396 2663 574 2746; x_wconf 87' lang='lat' dir='ltr'>populares</span> <span class='ocrx_word' id='word_1_126' title='bbox 598 2665 739 2743; x_wconf 87' lang='lat' dir='ltr'>animos,</span> <span class='ocrx_word' id='word_1_127' title='bbox 765 2665 821 2747; x_wconf 93' lang='lat' dir='ltr'>qui</span> <span class='ocrx_word' id='word_1_128' title='bbox 848 2683 889 2728; x_wconf 90' lang='lat' dir='ltr'>eo</span> <span class='ocrx_word' id='word_1_129' title='bbox 912 2662 1040 2728; x_wconf 83' lang='lat' dir='ltr'>facilius</span> <span class='ocrx_word' id='word_1_130' title='bbox 1066 2663 1267 2728; x_wconf 87' lang='lat' dir='ltr'>inflammari</span> <span class='ocrx_word' id='word_1_131' title='bbox 1293 2665 1404 2730; x_wconf 90' lang='lat' dir='ltr'>solent</span> <span class='ocrx_word' id='word_1_132' title='bbox 1435 2685 1504 2749; x_wconf 91' lang='lat' dir='ltr'>quo</span> 
     </span>
     <span class='ocr_line' id='line_1_20' title="bbox 396 2765 1502 2850; baseline 0.002 -20"><span class='ocrx_word' id='word_1_133' title='bbox 396 2767 548 2832; x_wconf 90' lang='lat' dir='ltr'>callidius</span> <span class='ocrx_word' id='word_1_134' title='bbox 580 2767 619 2832; x_wconf 90' lang='lat' dir='ltr'>iis</span> <span class='ocrx_word' id='word_1_135' title='bbox 644 2767 733 2831; x_wconf 84' lang='lat' dir='ltr'>iaces</span> <span class='ocrx_word' id='word_1_136' title='bbox 756 2767 933 2831; x_wconf 88' lang='lat' dir='ltr'>verborum</span> <span class='ocrx_word' id='word_1_137' title='bbox 960 2766 1143 2831; x_wconf 89' lang='lat' dir='ltr'>admovent</span> <span class='ocrx_word' id='word_1_138' title='bbox 1168 2765 1321 2832; x_wconf 85' lang='lat' dir='ltr'>homines</span> <span class='ocrx_word' id='word_1_139' title='bbox 1347 2787 1502 2850; x_wconf 88' lang='lat' dir='ltr'>nequam,</span> 
     </span>
     <span class='ocr_line' id='line_1_21' title="bbox 396 2867 1502 2954; baseline -0.002 -19"><span class='ocrx_word' id='word_1_140' title='bbox 396 2871 517 2953; x_wconf 90' lang='lat' dir='ltr'>quibus</span> <span class='ocrx_word' id='word_1_141' title='bbox 533 2890 572 2935; x_wconf 85' lang='lat' dir='ltr'>ea</span> <span class='ocrx_word' id='word_1_142' title='bbox 588 2891 639 2934; x_wconf 89' lang='lat' dir='ltr'>res</span> <span class='ocrx_word' id='word_1_143' title='bbox 655 2870 795 2954; x_wconf 85' lang='lat' dir='ltr'>expedit</span> <span class='ocrx_word' id='word_1_144' title='bbox 810 2871 853 2934; x_wconf 90' lang='lat' dir='ltr'>ad</span> <span class='ocrx_word' id='word_1_145' title='bbox 869 2867 1082 2934; x_wconf 86' lang='lat' dir='ltr'>conflandam</span> <span class='ocrx_word' id='word_1_146' title='bbox 1099 2871 1191 2953; x_wconf 86' lang='lat' dir='ltr'>vulgi</span> <span class='ocrx_word' id='word_1_147' title='bbox 1206 2871 1369 2936; x_wconf 87' lang='lat' dir='ltr'>invidiam</span> <span class='ocrx_word' id='word_1_148' title='bbox 1385 2871 1502 2935; x_wconf 85' lang='lat' dir='ltr'>adver·</span> 
     </span>
     <span class='ocr_line' id='line_1_22' title="bbox 396 2971 1502 3058; baseline -0.001 -21"><span class='ocrx_word' id='word_1_149' title='bbox 396 2993 452 3038; x_wconf 89' lang='lat' dir='ltr'>sus</span> <span class='ocrx_word' id='word_1_150' title='bbox 464 2994 521 3039; x_wconf 90' lang='lat' dir='ltr'>eos</span> <span class='ocrx_word' id='word_1_151' title='bbox 538 2975 658 3058; x_wconf 87' lang='lat' dir='ltr'>quibus</span> <span class='ocrx_word' id='word_1_152' title='bbox 673 2973 851 3058; x_wconf 88' lang='lat' dir='ltr'>precipuus</span> <span class='ocrx_word' id='word_1_153' title='bbox 866 2971 1041 3038; x_wconf 85' lang='lat' dir='ltr'>habendus</span> <span class='ocrx_word' id='word_1_154' title='bbox 1057 2981 1108 3037; x_wconf 87' lang='lat' dir='ltr'>est</span> <span class='ocrx_word' id='word_1_155' title='bbox 1130 2973 1246 3038; x_wconf 93' lang='lat' dir='ltr'>honor.</span> <span class='ocrx_word' id='word_1_156' title='bbox 1269 2973 1372 3038; x_wconf 88' lang='lat' dir='ltr'>Plane</span> <span class='ocrx_word' id='word_1_157' title='bbox 1388 2995 1428 3038; x_wconf 92' lang='lat' dir='ltr'>eo</span> <span class='ocrx_word' id='word_1_158' title='bbox 1450 2974 1502 3037; x_wconf 92' lang='lat' dir='ltr'>in-</span> 
     </span>
     <span class='ocr_line' id='line_1_23' title="bbox 396 3075 1503 3162; baseline 0 -20"><span class='ocrx_word' id='word_1_159' title='bbox 396 3079 505 3145; x_wconf 90' lang='lat' dir='ltr'>tendit</span> <span class='ocrx_word' id='word_1_160' title='bbox 519 3079 603 3144; x_wconf 91' lang='lat' dir='ltr'>haec</span> <span class='ocrx_word' id='word_1_161' title='bbox 618 3079 805 3143; x_wconf 86' lang='lat' dir='ltr'>animorum</span> <span class='ocrx_word' id='word_1_162' title='bbox 822 3075 1003 3142; x_wconf 86' lang='lat' dir='ltr'>concitatio</span> <span class='ocrx_word' id='word_1_163' title='bbox 1024 3085 1061 3142; x_wconf 90' lang='lat' dir='ltr'>ut</span> <span class='ocrx_word' id='word_1_164' title='bbox 1076 3085 1269 3162; x_wconf 88' lang='lat' dir='ltr'>corrumpat</span> <span class='ocrx_word' id='word_1_165' title='bbox 1295 3078 1388 3161; x_wconf 90' lang='lat' dir='ltr'>quod</span> <span class='ocrx_word' id='word_1_166' title='bbox 1413 3079 1503 3162; x_wconf 90' lang='lat' dir='ltr'>opti-</span> 
     </span>
     <span class='ocr_line' id='line_1_24' title="bbox 397 3177 1503 3266; baseline -0.001 -21"><span class='ocrx_word' id='word_1_167' title='bbox 397 3201 489 3247; x_wconf 89' lang='lat' dir='ltr'>mum</span> <span class='ocrx_word' id='word_1_168' title='bbox 506 3185 560 3246; x_wconf 89' lang='lat' dir='ltr'>est&#39;</span> <span class='ocrx_word' id='word_1_169' title='bbox 572 3193 677 3266; x_wconf 82' lang='lat' dir='ltr'>eaque</span> <span class='ocrx_word' id='word_1_170' title='bbox 699 3181 868 3246; x_wconf 90' lang='lat' dir='ltr'>discindat</span> <span class='ocrx_word' id='word_1_171' title='bbox 892 3199 979 3264; x_wconf 89' lang='lat' dir='ltr'>quae</span> <span class='ocrx_word' id='word_1_172' title='bbox 1006 3177 1138 3244; x_wconf 83' lang='lat' dir='ltr'>fuerant</span> <span class='ocrx_word' id='word_1_173' title='bbox 1153 3181 1436 3246; x_wconf 88' lang='lat' dir='ltr'>coniunctissima.</span> <span class='ocrx_word' id='word_1_174' title='bbox 1459 3217 1503 3230; x_wconf 91' lang='lat'><em>-</em></span> 
     </span>
     <span class='ocr_line' id='line_1_25' title="bbox 236 3269 1501 3370; baseline -0.002 -21"><span class='ocrx_word' id='word_1_175' title='bbox 236 3269 372 3316; x_wconf 54' lang='lat' dir='ltr'><strong><em>M‘u‘m</em></strong></span> <span class='ocrx_word' id='word_1_176' title='bbox 398 3285 562 3350; x_wconf 88' lang='lat' dir='ltr'>Novimus</span> <span class='ocrx_word' id='word_1_177' title='bbox 578 3287 668 3350; x_wconf 90' lang='lat' dir='ltr'>enim</span> <span class='ocrx_word' id='word_1_178' title='bbox 685 3295 811 3370; x_wconf 88' lang='lat' dir='ltr'>quanta</span> <span class='ocrx_word' id='word_1_179' title='bbox 826 3285 861 3347; x_wconf 94' lang='lat' dir='ltr'>in</span> <span class='ocrx_word' id='word_1_180' title='bbox 877 3281 1005 3368; x_wconf 92' lang='lat' dir='ltr'>populo</span> <span class='ocrx_word' id='word_1_181' title='bbox 1028 3282 1198 3349; x_wconf 90' lang='lat' dir='ltr'>Melitensi</span> <span class='ocrx_word' id='word_1_182' title='bbox 1225 3285 1268 3350; x_wconf 88' lang='lat' dir='ltr'>sit</span> <span class='ocrx_word' id='word_1_183' title='bbox 1287 3284 1435 3349; x_wconf 87' lang='lat' dir='ltr'>suavitas</span> <span class='ocrx_word' id='word_1_184' title='bbox 1451 3284 1501 3348; x_wconf 91' lang='lat' dir='ltr'>in-</span> 
     </span>
    </p>
   </div>
   <div class='ocr_carea' id='block_1_7' title="bbox 215 3327 371 3388">
    <p class='ocr_par' dir='ltr' id='par_1_9' title="bbox 215 3327 371 3388">
     <span class='ocr_line' id='line_1_26' title="bbox 215 3327 371 3388; baseline 0 -15"><span class='ocrx_word' id='word_1_185' title='bbox 215 3327 302 3388; x_wconf 74' lang='lat' dir='ltr'>populi</span> <span class='ocrx_word' id='word_1_186' title='bbox 317 3330 371 3373; x_wconf 83' lang='lat' dir='ltr'>lau·</span> 
     </span>
    </p>
   </div>
   <div class='ocr_carea' id='block_1_8' title="bbox 219 3385 1502 3612">
    <p class='ocr_par' dir='ltr' id='par_1_10' title="bbox 219 3385 1502 3612">
     <span class='ocr_line' id='line_1_27' title="bbox 219 3385 1501 3494; baseline -0.002 -41"><span class='ocrx_word' id='word_1_187' title='bbox 219 3387 264 3492; x_wconf 55' lang='lat'>22:</span> <span class='ocrx_word' id='word_1_188' title='bbox 304 3387 371 3494; x_wconf 48' lang='grc' dir='ltr'>,ἱμάς-</span> <span class='ocrx_word' id='word_1_189' title='bbox 396 3387 485 3472; x_wconf 89' lang='lat' dir='ltr'>genii</span> <span class='ocrx_word' id='word_1_190' title='bbox 515 3399 550 3453; x_wconf 91' lang='lat' dir='ltr'>et</span> <span class='ocrx_word' id='word_1_191' title='bbox 580 3408 721 3466; x_wconf 90' lang='lat' dir='ltr'>morum,</span> <span class='ocrx_word' id='word_1_192' title='bbox 747 3396 911 3471; x_wconf 89' lang='lat' dir='ltr'>quantum</span> <span class='ocrx_word' id='word_1_193' title='bbox 937 3385 1123 3452; x_wconf 89' lang='lat' dir='ltr'>catholicae</span> <span class='ocrx_word' id='word_1_194' title='bbox 1149 3387 1320 3470; x_wconf 89' lang='lat' dir='ltr'>religionis</span> <span class='ocrx_word' id='word_1_195' title='bbox 1350 3386 1501 3452; x_wconf 90' lang='lat' dir='ltr'>studium</span> 
     </span>
     <span class='ocr_line' id='line_1_28' title="bbox 219 3461 1502 3612; baseline 0.001 -60"><span class='ocrx_word' id='word_1_196' title='bbox 219 3461 372 3612; x_wconf 40' lang='lat' dir='ltr'>anatim}</span> <span class='ocrx_word' id='word_1_197' title='bbox 395 3493 485 3576; x_wconf 89' lang='lat' dir='ltr'>quod</span> <span class='ocrx_word' id='word_1_198' title='bbox 502 3492 542 3554; x_wconf 91' lang='lat' dir='ltr'>iis</span> <span class='ocrx_word' id='word_1_199' title='bbox 559 3492 672 3576; x_wconf 88' lang='lat' dir='ltr'>magni</span> <span class='ocrx_word' id='word_1_200' title='bbox 688 3489 1014 3581; x_wconf 84' lang='lat' dir='ltr'>gentiumApostoli</span> <span class='ocrx_word' id='word_1_201' title='bbox 1029 3491 1220 3573; x_wconf 87' lang='lat' dir='ltr'>praesentia</span> <span class='ocrx_word' id='word_1_202' title='bbox 1247 3499 1281 3555; x_wconf 90' lang='lat' dir='ltr'>et</span> <span class='ocrx_word' id='word_1_203' title='bbox 1307 3511 1391 3556; x_wconf 89' lang='lat' dir='ltr'>voce</span> <span class='ocrx_word' id='word_1_204' title='bbox 1416 3490 1502 3554; x_wconf 92' lang='lat' dir='ltr'>indi·</span> 
     </span>
    </p>
   </div>
   <div class='ocr_carea' id='block_1_9' title="bbox 252 1453 375 1500">
    <p class='ocr_par' dir='ltr' id='par_1_11' title="bbox 252 1453 375 1500">
     <span class='ocr_line' id='line_1_29' title="bbox 252 1453 375 1500; baseline 0.024 -3"><span class='ocrx_word' id='word_1_205' title='bbox 252 1453 375 1500; x_wconf 77' lang='lat' dir='ltr'>Contume-</span> 
     </span>
    </p>
   </div>
   <div class='ocr_carea' id='block_1_10' title="bbox 389 3592 1504 4408">
    <p class='ocr_par' dir='ltr' id='par_1_12' title="bbox 389 3592 1504 4408">
     <span class='ocr_line' id='line_1_30' title="bbox 395 3592 1503 3678; baseline -0.002 -18"><span class='ocrx_word' id='word_1_206' title='bbox 395 3608 466 3661; x_wconf 90' lang='lat' dir='ltr'>tum</span> <span class='ocrx_word' id='word_1_207' title='bbox 493 3593 565 3672; x_wconf 84' lang='lat' dir='ltr'>suit,</span> <span class='ocrx_word' id='word_1_208' title='bbox 591 3600 718 3677; x_wconf 89' lang='lat' dir='ltr'>quanta</span> <span class='ocrx_word' id='word_1_209' title='bbox 743 3592 901 3656; x_wconf 86' lang='lat' dir='ltr'>nobilitas</span> <span class='ocrx_word' id='word_1_210' title='bbox 928 3612 1037 3656; x_wconf 89' lang='lat' dir='ltr'>rerum</span> <span class='ocrx_word' id='word_1_211' title='bbox 1066 3613 1087 3657; x_wconf 91' lang='lat' dir='ltr'>a</span> <span class='ocrx_word' id='word_1_212' title='bbox 1112 3593 1293 3666; x_wconf 86' lang='lat' dir='ltr'>maioribus</span> <span class='ocrx_word' id='word_1_213' title='bbox 1319 3603 1503 3678; x_wconf 87' lang='lat' dir='ltr'>gestarum,</span> 
     </span>
     <span class='ocr_line' id='line_1_31' title="bbox 393 3696 1504 3781; baseline -0.001 -19"><span class='ocrx_word' id='word_1_214' title='bbox 393 3709 520 3781; x_wconf 90' lang='lat' dir='ltr'>quanta</span> <span class='ocrx_word' id='word_1_215' title='bbox 535 3699 569 3761; x_wconf 91' lang='lat' dir='ltr'>in</span> <span class='ocrx_word' id='word_1_216' title='bbox 595 3697 683 3761; x_wconf 88' lang='lat' dir='ltr'>hanc</span> <span class='ocrx_word' id='word_1_217' title='bbox 704 3715 895 3778; x_wconf 88' lang='lat' dir='ltr'>supremam</span> <span class='ocrx_word' id='word_1_218' title='bbox 912 3696 1061 3761; x_wconf 87' lang='lat' dir='ltr'>veritatis</span> <span class='ocrx_word' id='word_1_219' title='bbox 1077 3697 1272 3762; x_wconf 88' lang='lat' dir='ltr'>cathedram</span> <span class='ocrx_word' id='word_1_220' title='bbox 1288 3698 1504 3762; x_wconf 77' lang='lat' dir='ltr'>obseruantia</span> 
     </span>
     <span class='ocr_line' id='line_1_32' title="bbox 393 3799 1503 3884; baseline 0.002 -22"><span class='ocrx_word' id='word_1_221' title='bbox 393 3809 427 3864; x_wconf 90' lang='lat' dir='ltr'>et</span> <span class='ocrx_word' id='word_1_222' title='bbox 442 3799 534 3868; x_wconf 88' lang='lat' dir='ltr'>fides.</span> <span class='ocrx_word' id='word_1_223' title='bbox 550 3799 641 3884; x_wconf 85' lang='lat' dir='ltr'>Quin</span> <span class='ocrx_word' id='word_1_224' title='bbox 657 3799 760 3864; x_wconf 89' lang='lat' dir='ltr'>etiarn</span> <span class='ocrx_word' id='word_1_225' title='bbox 777 3819 822 3862; x_wconf 89' lang='lat' dir='ltr'>ex</span> <span class='ocrx_word' id='word_1_226' title='bbox 838 3799 1027 3863; x_wconf 88' lang='lat' dir='ltr'>recentibus</span> <span class='ocrx_word' id='word_1_227' title='bbox 1042 3799 1255 3879; x_wconf 90' lang='lat' dir='ltr'>testimoniis,</span> <span class='ocrx_word' id='word_1_228' title='bbox 1270 3805 1376 3884; x_wconf 86' lang='lat' dir='ltr'>quum</span> <span class='ocrx_word' id='word_1_229' title='bbox 1392 3819 1503 3864; x_wconf 89' lang='lat' dir='ltr'>sacer·</span> 
     </span>
     <span class='ocr_line' id='line_1_33' title="bbox 392 3902 1499 3988; baseline 0 -19"><span class='ocrx_word' id='word_1_230' title='bbox 392 3905 476 3969; x_wconf 90' lang='lat' dir='ltr'>dotii</span> <span class='ocrx_word' id='word_1_231' title='bbox 492 3905 608 3969; x_wconf 89' lang='lat' dir='ltr'>Nostri</span> <span class='ocrx_word' id='word_1_232' title='bbox 624 3903 771 3967; x_wconf 90' lang='lat' dir='ltr'>natalem</span> <span class='ocrx_word' id='word_1_233' title='bbox 786 3902 1103 3986; x_wconf 85' lang='lat' dir='ltr'>quinquagesimum</span> <span class='ocrx_word' id='word_1_234' title='bbox 1120 3923 1305 3988; x_wconf 86' lang='lat' dir='ltr'>ageremus,</span> <span class='ocrx_word' id='word_1_235' title='bbox 1320 3914 1499 3988; x_wconf 86' lang='lat' dir='ltr'>perspecta</span> 
     </span>
     <span class='ocr_line' id='line_1_34' title="bbox 391 4005 1502 4090; baseline 0.002 -16"><span class='ocrx_word' id='word_1_236' title='bbox 391 4009 568 4074; x_wconf 91' lang='lat' dir='ltr'>habuimus</span> <span class='ocrx_word' id='word_1_237' title='bbox 584 4027 717 4072; x_wconf 89' lang='lat' dir='ltr'>summa</span> <span class='ocrx_word' id='word_1_238' title='bbox 743 4026 822 4090; x_wconf 90' lang='lat' dir='ltr'>erga</span> <span class='ocrx_word' id='word_1_239' title='bbox 839 4006 911 4070; x_wconf 89' lang='lat' dir='ltr'>Nos</span> <span class='ocrx_word' id='word_1_240' title='bbox 929 4005 1156 4072; x_wconf 89' lang='lat' dir='ltr'>Melitensium</span> <span class='ocrx_word' id='word_1_241' title='bbox 1184 4008 1297 4073; x_wconf 87' lang='lat' dir='ltr'>studia</span> <span class='ocrx_word' id='word_1_242' title='bbox 1320 4017 1355 4072; x_wconf 89' lang='lat' dir='ltr'>et</span> <span class='ocrx_word' id='word_1_243' title='bbox 1379 4005 1502 4076; x_wconf 88' lang='lat' dir='ltr'>officia.</span> 
     </span>
     <span class='ocr_line' id='line_1_35' title="bbox 393 4113 1500 4202; baseline 0 -21"><span class='ocrx_word' id='word_1_244' title='bbox 393 4117 504 4202; x_wconf 86' lang='lat' dir='ltr'>Quare</span> <span class='ocrx_word' id='word_1_245' title='bbox 520 4115 594 4181; x_wconf 92' lang='lat' dir='ltr'>illos</span> <span class='ocrx_word' id='word_1_246' title='bbox 619 4114 779 4199; x_wconf 86' lang='lat' dir='ltr'>singulari</span> <span class='ocrx_word' id='word_1_247' title='bbox 804 4113 942 4178; x_wconf 86' lang='lat' dir='ltr'>caritate</span> <span class='ocrx_word' id='word_1_248' title='bbox 965 4113 1229 4196; x_wconf 88' lang='lat' dir='ltr'>complectimur,</span> <span class='ocrx_word' id='word_1_249' title='bbox 1254 4126 1288 4180; x_wconf 89' lang='lat' dir='ltr'>et</span> <span class='ocrx_word' id='word_1_250' title='bbox 1314 4115 1500 4200; x_wconf 87' lang='lat' dir='ltr'>omniqua</span> 
     </span>
     <span class='ocr_line' id='line_1_36' title="bbox 389 4216 1498 4304; baseline 0 -20"><span class='ocrx_word' id='word_1_251' title='bbox 389 4219 539 4286; x_wconf 88' lang='lat' dir='ltr'>valemus</span> <span class='ocrx_word' id='word_1_252' title='bbox 555 4239 620 4304; x_wconf 91' lang='lat' dir='ltr'>ope</span> <span class='ocrx_word' id='word_1_253' title='bbox 636 4239 702 4285; x_wconf 90' lang='lat' dir='ltr'>non</span> <span class='ocrx_word' id='word_1_254' title='bbox 720 4219 823 4284; x_wconf 92' lang='lat' dir='ltr'>modo</span> <span class='ocrx_word' id='word_1_255' title='bbox 838 4218 1045 4302; x_wconf 90' lang='lat' dir='ltr'>spiritualem</span> <span class='ocrx_word' id='word_1_256' title='bbox 1068 4216 1201 4284; x_wconf 91' lang='lat' dir='ltr'>illorum</span> <span class='ocrx_word' id='word_1_257' title='bbox 1217 4240 1333 4284; x_wconf 90' lang='lat' dir='ltr'>curare</span> <span class='ocrx_word' id='word_1_258' title='bbox 1354 4217 1498 4284; x_wconf 89' lang='lat' dir='ltr'>salutern</span> 
     </span>
     <span class='ocr_line' id='line_1_37' title="bbox 390 4321 1499 4408; baseline -0.005 -16"><span class='ocrx_word' id='word_1_259' title='bbox 390 4323 633 4402; x_wconf 86' lang='lat' dir='ltr'>contendimus,</span> <span class='ocrx_word' id='word_1_260' title='bbox 649 4323 707 4386; x_wconf 88' lang='lat' dir='ltr'>scd</span> <span class='ocrx_word' id='word_1_261' title='bbox 725 4333 758 4389; x_wconf 91' lang='lat' dir='ltr'>et</span> <span class='ocrx_word' id='word_1_262' title='bbox 774 4322 960 4388; x_wconf 86' lang='lat' dir='ltr'>rationibus</span> <span class='ocrx_word' id='word_1_263' title='bbox 975 4321 1127 4388; x_wconf 88' lang='lat' dir='ltr'>civilibus</span> <span class='ocrx_word' id='word_1_264' title='bbox 1144 4322 1253 4388; x_wconf 84' lang='lat' dir='ltr'>favere</span> <span class='ocrx_word' id='word_1_265' title='bbox 1275 4344 1344 4407; x_wconf 91' lang='lat' dir='ltr'>quo</span> <span class='ocrx_word' id='word_1_266' title='bbox 1359 4342 1499 4408; x_wconf 88' lang='lat' dir='ltr'>prospe·</span> 
     </span>
    </p>
   </div>
   <div class='ocr_carea' id='block_1_11' title="bbox 0 0 1686 4928">
    <p class='ocr_par' dir='ltr' id='par_1_13' title="bbox 0 0 1686 4928">
     <span class='ocr_line' id='line_1_38' title="bbox 0 0 1686 4928; baseline 0 2"><span class='ocrx_word' id='word_1_267' title='bbox 0 0 1686 4928; x_wconf 95' lang='lat' dir='ltr'> </span> 
     </span>
    </p>
   </div>
  </div>
 </body>
</html>
