3362 4944
312 1739 565 1797 ‚conventum
582 1731 728 1796 suumin
744 1731 809 1796 ista
824 1730 960 1795 civitate
972 1729 1093 1796 illustri
1105 1731 1250 1800 celebra·
1268 1703 1433 1824 flama?

143 1842 234 1898 runt
250 1785 322 1899 Vix
339 1835 428 1900 enim
456 1834 527 1900 sine
550 1834 763 1900 dubitatione
789 1832 954 1898 affirmare
980 1853 1155 1917 possemus
1170 1838 1251 1921 quid
1277 1831 1431 1933 ζ’,ξῇῗξζαξ

144 1938 256 2020 magis
272 1939 305 2002 in
323 1939 363 2004 iis
379 1938 498 2005 litteris
515 1939 625 2004 mirati
641 1939 754 2016 simus,
769 1957 812 2002 an
836 1937 1030 2002 testimonia
1045 1939 1204 2023 antiquae
1219 1953 1253 2008 et
1278 1945 1386 2052 aspare

144 2042 332 2106 constantis
348 2041 436 2120 fidei,
450 2062 537 2126 quae
561 2041 725 2108 maiorum
750 2052 937 2106 vestrorum
953 2042 1085 2108 animos
1104 2005 1328 2113 incendam

145 2163 188 2208 ac
203 2154 336 2211 tanturn
352 2146 481 2229 patriae
496 2154 628 2212 vestrae
643 2145 757 2212 attulit
772 2147 883 2225 decus,
907 2166 950 2210 an
978 2147 1106 2212 sincera
1130 2149 1254 2214 indicia

144 2245 258 2313 filialis
274 2269 353 2333 erga
369 2251 442 2314 Nos
457 2250 560 2314 studii
576 2257 610 2315 et
630 2269 783 2315 summae
807 2249 841 2314 in
869 2250 1103 2334 Apostolicam
1129 2252 1253 2319 Sedem

144 2351 394 2419 observantiae.
407 2390 452 2403 -
467 2352 571 2418 Plane
596 2373 643 2417 ex
658 2353 720 2417 hac
744 2351 810 2416 lide
835 2351 934 2416 simul
961 2362 995 2418 et
1021 2352 1113 2418 filiali
1140 2355 1253 2421 studio
1281 2365 1408 2436 imprimo

145 2457 333 2542 prolectam
350 2459 578 2525 intelleximus
594 2458 853 2524 sollicitudinem
870 2476 973 2540 quam
988 2456 1113 2541 geritis,
1122 2467 1160 2524 ut
1171 2457 1255 2522 liber
1279 2426 1391 2532 {¹522ss
1403 2437 1432 2470 ⁰⁶

146 2562 289 2628 omnino
305 2584 415 2647 neque
426 2562 530 2629 ullius
543 2563 704 2648 potestati
720 2562 890 2628 obnoxius
916 2561 962 2626 sit
987 2580 1162 2645 supremus
1190 2562 1254 2627 Ec·
1280 2543 1395 2652 {m

146 2665 270 2730 clesiae
285 2667 449 2748 Antistes‚
466 2686 567 2751 quem
584 2666 734 2750 nequitia
749 2666 924 2731 hominurn
950 2674 984 2730 et
1008 2665 1138 2730 infensa
1164 2667 1255 2731 vise
1280 2669 1415 2770 mg„

145 2770 239 2835 civili
253 2772 441 2857 principatu
458 2771 651 2837 deiectum'
641 2791 675 2836 rn
691 2771 921 2836 conditionem
939 2771 1103 2849 miseram,
1118 2771 1256 2855 periculi
1280 2784 1310 2830 ar
1341 2781 1432 2840 incrta

146 2874 287 2960 plenam
318 2897 357 2941 ac
383 2875 527 2940 similem
554 2875 706 2942 servituti
738 2874 895 2940 detraxit.
926 2875 984 2940 Ex
1015 2875 1106 2940 hisce
1136 2876 1256 2942 studiis
1280 2847 1431 2962 {ime

145 2979 269 3043 vestris
285 2999 352 3044 non
378 2979 450 3044 leve
466 2978 575 3043 Nobis
601 2977 739 3044 obvenit
759 2977 917 3042 solatium
942 2977 1110 3043 intereas
1134 2978 1255 3062 quibus

147 3103 334 3165 premimur
346 3082 544 3148 acerbitates
560 3091 593 3147 et
610 3102 714 3148 curas.
730 3079 845 3164 Quum
872 3081 962 3145 enirn
989 3080 1067 3146 hinc
1093 3100 1257 3164 angamur

148 3186 331 3270 impiorum
347 3186 533 3264 conatibus
548 3185 605 3270 qui
622 3183 764 3250 scelesto
780 3184 914 3249 loedere
938 3183 1042 3249 iuncti
1069 3183 1151 3248 nihil
1179 3185 1257 3249 mis·

149 3308 228 3354 sum
244 3289 380 3368 faciunt,
395 3298 433 3354 ut
448 3290 596 3374 cogitata
621 3286 804 3374 perficiant,
827 3286 953 3352 bellum
980 3297 1134 3371 gerentes
1157 3297 1258 3353 atrox

147 3400 187 3457 et
201 3394 358 3476 pertinax
375 3394 534 3458 adversus
552 3392 738 3458 Ecclesiam
754 3393 891 3476 eiusque
917 3400 1027 3475 caput,
1042 3390 1139 3456 facile
1161 3393 1258 3459 intel-

148 3496 241 3561 lectu
257 3507 308 3561 est
323 3505 530 3580 quantopere
546 3495 619 3560 Nos
635 3495 752 3561 laetari
764 3502 919 3578 oporteat
929 3513 1031 3577 quum
1044 3494 1118 3559 istic
1129 3505 1258 3579 specte-

147 3619 228 3664 mus
243 3599 329 3665 filios
344 3598 437 3680 lucis,
452 3600 629 3665 Pastorum
644 3600 758 3678 ductu,
773 3599 806 3662 in
823 3617 927 3663 unum
950 3597 1110 3662 coeuntes
1134 3599 1258 3665 delibe-

147 3713 262 3768 ratum
278 3705 320 3768 de
351 3704 473 3788 potiori
493 3705 629 3776 ratione
659 3712 695 3767 et
722 3723 798 3787 ope,
828 3721 895 3786 qua
926 3701 1079 3785 legitima
1109 3701 1259 3768 defensio

145 3808 301 3892 paranda
317 3809 369 3884 sit,
385 3828 423 3872 ac
448 3807 511 3872 sibi
538 3807 681 3872 invicem
710 3806 874 3870 addentes
898 3805 1031 3870 animos
1046 3805 1089 3870 ad
1105 3823 1257 3869 caussam

150 3912 219 3978 Dei
236 3921 428 3978 constanter
452 3919 653 3994 strenueque
681 3909 854 3974 tuendam.
877 3945 921 3958 -
947 3907 1004 3975 Ad
1032 3908 1119 3972 hanc
1144 3917 1257 3974 autem

147 4014 372 4100 voluptatem,
395 4035 497 4100 quam
524 4035 570 4080 ex
593 4024 760 4079 conventu
785 4023 897 4078 vestro
920 4012 1079 4096 cepimus,
1105 4010 1258 4075 cumulus
1283 3979 1438 4085 ἵξξιᾚζξκ

149 4120 304 4197 accessit,
320 4139 395 4184 cum
411 4139 456 4184 ex
473 4119 717 4238 Episcoporum
735 4135 884 4194 numero,
899 4116 955 4199 qui
980 4115 1095 4199 stipati
1120 4114 1257 4180 lectissi-
1282 4099 1438 4221 ζξξωὲᾖ·

153 4223 222 4290 rnis
238 4245 281 4288 ex
299 4244 391 4288 omna
383 4223 524 4288 'ordine
538 4221 617 4287 viris
627 4221 796 4286 doctrina
820 4228 855 4284 et
879 4218 1065 4283 litterarum
1092 4217 1259 4302 elegantia
1286 4231 1380 4267 ‘070⁸‘-

157 4328 409 4414 praestantibus
433 4348 477 4392 ex
502 4327 657 4392 universa
684 4324 851 4409 Hispania
877 4322 962 4388 istuc
986 4342 1179 4402 convenere,
1202 4325 1259 4392 ubi

180 1420 611 1568 afflatUAvtsslntE
635 1418 748 1486 affecti
781 1439 896 1484 sumus
923 1420 1070 1504 perlecta
1096 1421 1251 1506 epistolai
1286 1435 1430 1524 NOVEMB

304 1505 460 1672 {quarn
477 1523 630 1590 sensibus
646 1523 790 1608 egregiis
807 1522 963 1588 refertam
979 1524 1023 1588 ad
1041 1525 1075 1588 N
1077 1545 1115 1590 os
1128 1525 1250 1605 dedist,
1319 1532 1386 1593 189⁰·

305 1583 497 1693 *nomine
529 1627 759 1712 Hispanorum
791 1625 950 1704 fidelium,
976 1626 1033 1710 qui
1064 1629 1249 1698 secundum
1316 1641 1435 1702 Pontifex
