3354 4938
425 257 495 328 218
659 279 875 333 annocumo
896 269 915 298 ‘¹
935 281 1048 332 uruit
1066 281 1134 334 ssu
1153 282 1247 336 opus
1266 315 1284 344 ,,

246 456 395 560 Μξῗῑϋῑα
421 455 567 520 caritatis
598 457 715 539 spiritu
743 466 818 520 acta
848 457 1001 541 pervadit
1025 455 1153 534 alacris,
1178 457 1230 520 vel
1262 466 1300 520 ut
1325 455 1531 532 catholicam

247 573 344 644 car-rso]
421 557 520 624 tidem
537 561 707 644 provehat,
722 561 773 626 vel
790 571 828 626 ut
842 562 1010 627 humanae
1019 563 1108 627 vitae
1123 560 1348 627 incommodis
1360 559 1479 626 solatia
1489 579 1532 624 ac

244 647 343 752 m}
354 647 396 680 ⁸⁸⁰
420 662 567 729 remedia
582 663 709 742 afferat,
725 667 767 730 ad
777 667 936 744 cavenda,
951 666 994 731 ad
1005 665 1233 750 propulsanda
1243 666 1392 747 pericula
1403 666 1532 750 ubique

247 752 395 858 md?
420 769 571 850 gentium
596 788 728 852 semper
754 771 911 836 adiutrix
936 770 1061 835 Munus
1085 771 1210 854 quippe
1225 772 1297 837 eius
1324 772 1473 855 itemque
1497 779 1533 834 et

421 871 527 955 gloria
546 871 630 937 haec
650 883 710 950 est,
724 874 823 938 saluti
840 874 1015 940 hominum
1031 875 1124 940 omni
1149 873 1387 940 beneficiorum
1407 892 1533 958 genere

421 985 584 1058 perpetuo
599 977 770 1041 inservire:
786 978 876 1060 quod
901 997 982 1042 sane
998 978 1070 1042 Nos
1086 978 1149 1062 ipsi
1168 998 1229 1062 pro
1244 979 1370 1043 viribus
1386 977 1534 1043 efficien-

421 1080 502 1143 dum
523 1099 628 1161 nuper
651 1083 850 1160 curavimus,
871 1101 958 1160 com,
977 1083 1065 1147 datis
1089 1083 1131 1147 ad
1158 1081 1333 1148 universae
1360 1081 1534 1148 Ecclesiae

423 1181 610 1265 Episcopos
626 1183 753 1262 litteris,
764 1183 803 1248 de
813 1184 962 1268 oppicum
970 1185 1150 1250 conditione
1160 1186 1299 1270 egimus.

358 1287 397 1365 ’ἒξ
464 1285 514 1350 At
535 1287 562 1349 si
579 1305 624 1350 ex
648 1287 804 1371 Europae
830 1287 952 1353 finibus
967 1299 1001 1354 et
1027 1290 1153 1373 asperis
1169 1291 1268 1356 rebus
1291 1291 1325 1354 in
1342 1288 1424 1354 alias
1439 1290 1533 1354 orbis

241 1391 379 1510 ffissfn
421 1403 524 1456 terras
536 1391 651 1457 oculos
663 1392 753 1474 ipsos
765 1394 1165 1477 convertamus,pr0iecto
1174 1412 1312 1458 caussae
1328 1412 1395 1458 non
1408 1395 1534 1460 desunt

420 1515 507 1579 quae
535 1505 746 1579 praesentem
774 1498 877 1561 animi
904 1497 1148 1581 aegritudinem
1179 1497 1307 1562 leniant
1337 1497 1534 1582 bonamque

420 1599 565 1664 felicium
581 1609 761 1664 eventuum
779 1620 873 1682 spem
890 1601 1103 1682 portendant.

260 1709 289 1753 l·
304 1708 394 1778 Africa
463 1702 521 1767 Ad
546 1701 730 1767 tollendam
754 1703 787 1768 in
813 1702 937 1768 Africis
964 1704 1072 1788 plagis
1103 1705 1313 1789 Nigritarum
1334 1705 1532 1770 servitutem

241 1767 394 1898 ΞῖῗῖἑῗιιΫ
421 1807 493 1870 Nos
508 1808 644 1890 quidem
673 1810 792 1872 misera
818 1827 933 1872 eorum
950 1809 1144 1874 conditione
1160 1809 1303 1892 permoti
1320 1807 1409 1874 ultro
1432 1829 1532 1876 curas

244 1891 381 1992 {mm
420 1921 453 1975 et
469 1911 579 1975 studia
595 1910 807 1977 contulimus.
825 1913 863 1976 ln
881 1913 1045 1977 eiusmodi
1068 1933 1148 1978 vero
1163 1923 1233 1977 tam
1258 1911 1371 1977 nobile
1391 1921 1533 1996 tamque

249 2007 341 2066 ΨΜ·
420 2014 746 2081 excellenscaritatis
761 2035 856 2099 opus,
870 2016 1005 2094 alacres,
1024 2027 1061 2082 ut
1072 2037 1133 2101 par
1147 2029 1228 2096 erat,
1244 2027 1317 2082 tum
1334 2015 1531 2101 Principum

420 2129 492 2184 tum
503 2119 702 2203 populorum
713 2119 967 2184 christianorum
978 2139 1133 2186 exarsere
1145 2121 1259 2198 animi,
1268 2119 1531 2204 pulcherrimum

420 2231 576 2306 putantes
588 2222 716 2304 ingenti
732 2222 1003 2306 miserrimaeque
1019 2223 1194 2288 hominum
1208 2223 1416 2288 multitudini
1427 2243 1531 2306 opem

419 2325 537 2390 afferre
558 2325 811 2409 coniunctisque
825 2326 1021 2392 adlaborare
1035 2327 1170 2404 viribus,
1185 2338 1222 2392 ut
1238 2347 1258 2391 a
1282 2327 1440 2392 maximis
1456 2326 1532 2391 vin·

419 2429 521 2495 dicati
533 2431 659 2494 iniuriis
671 2439 897 2514 opportunum
910 2431 973 2514 ipsi
989 2430 1140 2496 levamen
1151 2431 1351 2514 divinaeque
1366 2428 1533 2495 beneficia

420 2535 658 2617 redemptionis
674 2536 897 2617 experiantur.
907 2573 951 2584 -
967 2537 1071 2602 Haud
1087 2536 1167 2602 estis
1183 2537 1295 2612 nescii,
1310 2531 1532 2601 venerabiles

420 2640 448 2703 F
449 2638 642 2721 ratres‚quid
653 2638 824 2722 hucusque
835 2659 949 2702 eorum
960 2640 1124 2708 caussasit
1137 2637 1533 2722 actum;ineamdemque

418 2762 570 2806 caussam
587 2741 695 2806 Nobis
710 2743 850 2806 omnino
865 2744 1073 2824 propositum
1090 2753 1150 2820 est,
1165 2743 1247 2808 dum
1272 2745 1342 2806 vita
1358 2749 1531 2824 suppetet,

419 2846 500 2911 nihil
528 2846 644 2930 reliqui
671 2846 779 2911 iacere
804 2848 895 2931 quod
923 2847 965 2912 ad
990 2866 1105 2912 eorum
1132 2845 1326 2912 allevandas
1349 2863 1531 2911 aerumnas

324 3001 325 3006 η
419 2950 584 3033 pertinere
596 2948 871 3014 intellexerimus.

253 3068 391 3138 ravanus·-
464 3055 503 3118 In
521 3053 682 3136 laponico
707 3053 864 3136 Imperio,
880 3053 956 3117 Deo
979 3051 1067 3118 votis
1091 3052 1226 3117 Nostris
1250 3050 1392 3128 favente,
1415 3049 1530 3115 Nobis

240 3135 390 3232 Σᾍῖαῗζῖἶῗ
416 3157 534 3222 datum
572 3168 632 3236 est,
661 3157 904 3222 ordinariorum
944 3157 1188 3240 Episcoporum
1227 3155 1446 3221 hierarchiam
1477 3156 1526 3220 ad

238 3245 388 3356 ξζξξῇζξξξπ
416 3260 600 3325 catholicae
632 3261 800 3343 religionis
834 3261 1047 3335 incrementa,
1078 3271 1242 3344 quantum
1280 3279 1341 3342 per
1370 3270 1530 3341 tempora

415 3361 517 3440 licuit,
540 3365 751 3443 constituere,
766 3365 814 3428 uti
830 3385 890 3430 vos
906 3385 950 3428 ex
965 3364 1174 3446 Apostolicis
1198 3364 1325 3440 litteris,
1340 3382 1424 3446 quas
1447 3381 1530 3444 pro-

416 3473 509 3538 xime
517 3475 627 3539 daturi
643 3496 768 3554 sumus,
782 3476 986 3559 intelligetis.
1001 3477 1103 3541 Haud
1114 3478 1186 3542 sine
1197 3495 1316 3541 caussa
1332 3475 1403 3540 iore
1418 3472 1527 3540 confi·

415 3577 535 3656 dimus,
550 3588 587 3643 ut
603 3579 635 3642 in
649 3599 688 3643 ea
704 3581 839 3662 regione
855 3583 888 3644 in
905 3601 971 3664 qua
987 3579 1068 3644 olim
1085 3589 1119 3643 et
1134 3588 1252 3644 contra
1265 3577 1389 3644 Christi
1406 3576 1528 3642 fideles

414 3681 533 3746 acerbe
548 3682 711 3746 saevitum
728 3691 788 3760 est,
814 3693 849 3748 et
873 3684 1017 3764 plurium
1034 3683 1224 3748 constantia
1248 3683 1436 3764 Martyrum
1452 3681 1528 3744 eni-

414 3785 487 3862 tuit,
510 3785 694 3850 catholicae
722 3783 797 3849 fidei
826 3805 920 3869 seges
945 3783 1141 3862 efflorescat,
1157 3805 1201 3850 ex
1229 3787 1335 3868 eaque
1361 3784 1529 3867 Iaponica

413 3908 496 3972 gens
508 3889 627 3954 uberes
643 3889 760 3954 salutis
780 3888 906 3954 fructus
923 3891 1094 3974 percipiat.

260 4017 386 4064 raama.
458 3993 512 4057 De
539 3993 698 4058 Brasilica
723 3994 869 4077 regione,
892 4013 994 4077 quarn
1021 3992 1246 4058 sollicitudine
1276 3992 1402 4056 Nostra
1430 4009 1529 4056 com-

235 4075 388 4192 ζῇζξξξῖἰξ
415 4097 599 4179 plectimur,
624 4097 707 4164 illud
740 4097 928 4163 timendum
953 4097 1026 4176 suit,
1041 4118 1084 4162 ne
1108 4117 1152 4162 ex
1177 4115 1286 4161 rerum
1312 4095 1527 4179 publicarum

237 4197 386 4300 mm
414 4202 640 4278 conversione,
663 4219 750 4283 quae
777 4201 932 4283 proxime
956 4200 1079 4284 elapsis
1104 4199 1311 4283 temporibus
1340 4207 1529 4264 consecuta

238 4317 317 4358 ratur.
415 4310 474 4378 est,
490 4305 635 4369 rationes
651 4303 836 4368 catholicae
862 4304 1033 4368 Ecclesiae
1048 4303 1328 4388 perturbarentur.
1345 4300 1414 4366 Sed
1430 4321 1529 4368 nunc
