<?xml version="1.0" encoding="UTF-8"?>
<!DOCTYPE html PUBLIC "-//W3C//DTD XHTML 1.0 Transitional//EN"
    "http://www.w3.org/TR/xhtml1/DTD/xhtml1-transitional.dtd">
<html xmlns="http://www.w3.org/1999/xhtml" xml:lang="en" lang="en">
 <head>
  <title>
</title>
<meta http-equiv="Content-Type" content="text/html;charset=utf-8" />
  <meta name='ocr-system' content='tesseract 3.04.00' />
  <meta name='ocr-capabilities' content='ocr_page ocr_carea ocr_par ocr_line ocrx_word'/>
</head>
<body>
  <div class='ocr_page' id='page_1' title='image "./sanctissimidomi02xiiigoog_0063.png"; bbox 0 0 3364 4928; ppageno 0'>
   <div class='ocr_carea' id='block_1_1' title="bbox 385 308 1395 394">
    <p class='ocr_par' dir='ltr' id='par_1_1' title="bbox 385 308 1395 394">
     <span class='ocr_line' id='line_1_1' title="bbox 385 308 1395 394; baseline -0.002 -24"><span class='ocrx_word' id='word_1_1' title='bbox 385 321 432 394; x_wconf 90' lang='lat'>54</span> <span class='ocrx_word' id='word_1_2' title='bbox 494 319 643 371; x_wconf 74' lang='lat' dir='ltr'>urrais.</span> <span class='ocrx_word' id='word_1_3' title='bbox 662 319 790 371; x_wconf 76' lang='lat' dir='ltr'>Arosr.</span> <span class='ocrx_word' id='word_1_4' title='bbox 813 308 835 338; x_wconf 84' lang='lat'>‘⁴</span> <span class='ocrx_word' id='word_1_5' title='bbox 855 319 938 371; x_wconf 80' lang='lat' dir='ltr'>arsr</span> <span class='ocrx_word' id='word_1_6' title='bbox 956 317 1057 370; x_wconf 76' lang='lat' dir='ltr'>aruo</span> <span class='ocrx_word' id='word_1_7' title='bbox 1076 315 1354 369; x_wconf 76' lang='lat' dir='ltr'>nosrarssrrrnra</span> <span class='ocrx_word' id='word_1_8' title='bbox 1373 349 1395 380; x_wconf 84' lang='grc'>,,</span> 
     </span>
    </p>
   </div>
   <div class='ocr_carea' id='block_1_2' title="bbox 200 493 1517 2654">
    <p class='ocr_par' dir='ltr' id='par_1_2' title="bbox 200 493 1517 2654">
     <span class='ocr_line' id='line_1_2' title="bbox 379 493 1487 579; baseline -0.002 -19"><span class='ocrx_word' id='word_1_9' title='bbox 379 497 525 579; x_wconf 89' lang='lat' dir='ltr'>quodam</span> <span class='ocrx_word' id='word_1_10' title='bbox 538 515 600 559; x_wconf 92' lang='lat' dir='ltr'>suo</span> <span class='ocrx_word' id='word_1_11' title='bbox 611 495 789 560; x_wconf 87' lang='lat' dir='ltr'>caelestem</span> <span class='ocrx_word' id='word_1_12' title='bbox 801 496 865 560; x_wconf 87' lang='lat' dir='ltr'>sibi</span> <span class='ocrx_word' id='word_1_13' title='bbox 883 497 1063 562; x_wconf 91' lang='lat' dir='ltr'>Patronum</span> <span class='ocrx_word' id='word_1_14' title='bbox 1080 497 1271 563; x_wconf 90' lang='lat' dir='ltr'>adsciscunt</span> <span class='ocrx_word' id='word_1_15' title='bbox 1283 516 1351 560; x_wconf 92' lang='lat' dir='ltr'>non</span> <span class='ocrx_word' id='word_1_16' title='bbox 1367 493 1487 576; x_wconf 89' lang='lat' dir='ltr'>operis,</span> 
     </span>
     <span class='ocr_line' id='line_1_3' title="bbox 378 597 1485 684; baseline -0.003 -20"><span class='ocrx_word' id='word_1_17' title='bbox 378 619 446 666; x_wconf 93' lang='lat' dir='ltr'>non</span> <span class='ocrx_word' id='word_1_18' title='bbox 469 599 590 664; x_wconf 90' lang='lat' dir='ltr'>laboris</span> <span class='ocrx_word' id='word_1_19' title='bbox 616 597 789 682; x_wconf 87' lang='lat' dir='ltr'>ignarum:</span> <span class='ocrx_word' id='word_1_20' title='bbox 814 620 907 664; x_wconf 86' lang='lat' dir='ltr'>sacra</span> <span class='ocrx_word' id='word_1_21' title='bbox 934 599 1079 682; x_wconf 89' lang='lat' dir='ltr'>denique</span> <span class='ocrx_word' id='word_1_22' title='bbox 1105 599 1169 684; x_wconf 90' lang='lat' dir='ltr'>ipsi</span> <span class='ocrx_word' id='word_1_23' title='bbox 1196 600 1268 666; x_wconf 87' lang='lat' dir='ltr'>dies</span> <span class='ocrx_word' id='word_1_24' title='bbox 1295 601 1329 664; x_wconf 89' lang='lat' dir='ltr'>in</span> <span class='ocrx_word' id='word_1_25' title='bbox 1356 597 1485 681; x_wconf 82' lang='lat' dir='ltr'>aliquot</span> 
     </span>
     <span class='ocr_line' id='line_1_4' title="bbox 294 701 1485 787; baseline -0.003 -20"><span class='ocrx_word' id='word_1_26' title='bbox 294 758 298 767; x_wconf 92' lang='lat'>.</span> <span class='ocrx_word' id='word_1_27' title='bbox 377 703 571 786; x_wconf 88' lang='lat' dir='ltr'>praesertim</span> <span class='ocrx_word' id='word_1_28' title='bbox 587 702 795 768; x_wconf 81' lang='lat' dir='ltr'>dioecesibus</span> <span class='ocrx_word' id='word_1_29' title='bbox 819 701 979 787; x_wconf 77' lang='lat' dir='ltr'>singulari</span> <span class='ocrx_word' id='word_1_30' title='bbox 993 703 1207 768; x_wconf 87' lang='lat' dir='ltr'>veneratione</span> <span class='ocrx_word' id='word_1_31' title='bbox 1230 703 1395 778; x_wconf 83' lang='lat' dir='ltr'>recolitur,</span> <span class='ocrx_word' id='word_1_32' title='bbox 1410 711 1485 766; x_wconf 90' lang='lat' dir='ltr'>tan·</span> 
     </span>
     <span class='ocr_line' id='line_1_5' title="bbox 376 803 1485 890; baseline 0 -22"><span class='ocrx_word' id='word_1_33' title='bbox 376 824 477 888; x_wconf 89' lang='lat' dir='ltr'>quam</span> <span class='ocrx_word' id='word_1_34' title='bbox 503 805 589 871; x_wconf 87' lang='lat' dir='ltr'>festa</span> <span class='ocrx_word' id='word_1_35' title='bbox 618 806 662 872; x_wconf 88' lang='lat' dir='ltr'>sit</span> <span class='ocrx_word' id='word_1_36' title='bbox 686 807 877 872; x_wconf 89' lang='lat' dir='ltr'>constituta.</span> <span class='ocrx_word' id='word_1_37' title='bbox 903 805 1035 890; x_wconf 84' lang='lat' dir='ltr'>Quibus</span> <span class='ocrx_word' id='word_1_38' title='bbox 1065 806 1222 872; x_wconf 90' lang='lat' dir='ltr'>omnibus</span> <span class='ocrx_word' id='word_1_39' title='bbox 1244 827 1263 871; x_wconf 94' lang='lat' dir='ltr'>e</span> <span class='ocrx_word' id='word_1_40' title='bbox 1289 806 1387 870; x_wconf 92' lang='lat' dir='ltr'>rebus</span> <span class='ocrx_word' id='word_1_41' title='bbox 1411 803 1485 868; x_wconf 92' lang='lat' dir='ltr'>Nos</span> 
     </span>
     <span class='ocr_line' id='line_1_6' title="bbox 289 906 1485 1003; baseline -0.002 -31"><span class='ocrx_word' id='word_1_42' title='bbox 289 983 292 1003; x_wconf 20' lang='grc' dir='ltr'>ὲ</span> <span class='ocrx_word' id='word_1_43' title='bbox 376 906 615 974; x_wconf 82' lang='lat' dir='ltr'>Lusitanorum</span> <span class='ocrx_word' id='word_1_44' title='bbox 630 908 718 975; x_wconf 87' lang='lat' dir='ltr'>votis</span> <span class='ocrx_word' id='word_1_45' title='bbox 733 909 949 974; x_wconf 89' lang='lat' dir='ltr'>annuendum</span> <span class='ocrx_word' id='word_1_46' title='bbox 966 908 1167 986; x_wconf 89' lang='lat' dir='ltr'>censuimus,</span> <span class='ocrx_word' id='word_1_47' title='bbox 1182 929 1290 992; x_wconf 89' lang='lat' dir='ltr'>eoque</span> <span class='ocrx_word' id='word_1_48' title='bbox 1316 907 1485 988; x_wconf 90' lang='lat' dir='ltr'>libentius,</span> 
     </span>
     <span class='ocr_line' id='line_1_7' title="bbox 375 1012 1483 1098; baseline 0 -22"><span class='ocrx_word' id='word_1_49' title='bbox 375 1013 466 1096; x_wconf 90' lang='lat' dir='ltr'>quod</span> <span class='ocrx_word' id='word_1_50' title='bbox 482 1033 616 1078; x_wconf 89' lang='lat' dir='ltr'>summa</span> <span class='ocrx_word' id='word_1_51' title='bbox 629 1015 755 1098; x_wconf 89' lang='lat' dir='ltr'>pietate</span> <span class='ocrx_word' id='word_1_52' title='bbox 767 1012 1020 1079; x_wconf 88' lang='lat' dir='ltr'>immaculatum</span> <span class='ocrx_word' id='word_1_53' title='bbox 1034 1013 1099 1078; x_wconf 90' lang='lat' dir='ltr'>Dei</span> <span class='ocrx_word' id='word_1_54' title='bbox 1116 1013 1295 1080; x_wconf 86' lang='lat' dir='ltr'>Genitricis</span> <span class='ocrx_word' id='word_1_55' title='bbox 1312 1013 1483 1098; x_wconf 89' lang='lat' dir='ltr'>Sponsum</span> 
     </span>
     <span class='ocr_line' id='line_1_8' title="bbox 375 1115 1484 1202; baseline 0.002 -24"><span class='ocrx_word' id='word_1_56' title='bbox 375 1115 590 1181; x_wconf 84' lang='lat' dir='ltr'>observamus</span> <span class='ocrx_word' id='word_1_57' title='bbox 606 1127 639 1180; x_wconf 89' lang='lat' dir='ltr'>et</span> <span class='ocrx_word' id='word_1_58' title='bbox 655 1117 804 1194; x_wconf 89' lang='lat' dir='ltr'>colimus,</span> <span class='ocrx_word' id='word_1_59' title='bbox 829 1137 1055 1202; x_wconf 89' lang='lat' dir='ltr'>magnamque</span> <span class='ocrx_word' id='word_1_60' title='bbox 1079 1118 1112 1182; x_wconf 94' lang='lat' dir='ltr'>in</span> <span class='ocrx_word' id='word_1_61' title='bbox 1139 1115 1204 1182; x_wconf 88' lang='lat' dir='ltr'>fide</span> <span class='ocrx_word' id='word_1_62' title='bbox 1224 1119 1397 1202; x_wconf 86' lang='lat' dir='ltr'>tutelaque</span> <span class='ocrx_word' id='word_1_63' title='bbox 1412 1117 1484 1180; x_wconf 89' lang='lat' dir='ltr'>eius</span> 
     </span>
     <span class='ocr_line' id='line_1_9' title="bbox 374 1221 1483 1306; baseline 0 -22"><span class='ocrx_word' id='word_1_64' title='bbox 374 1239 470 1304; x_wconf 88' lang='lat' dir='ltr'>spem</span> <span class='ocrx_word' id='word_1_65' title='bbox 496 1221 677 1303; x_wconf 82' lang='lat' dir='ltr'>repositam</span> <span class='ocrx_word' id='word_1_66' title='bbox 703 1221 875 1289; x_wconf 89' lang='lat' dir='ltr'>habemus.</span> <span class='ocrx_word' id='word_1_67' title='bbox 898 1223 1018 1306; x_wconf 87' lang='lat' dir='ltr'>Neque</span> <span class='ocrx_word' id='word_1_68' title='bbox 1033 1223 1122 1287; x_wconf 93' lang='lat' dir='ltr'>enim</span> <span class='ocrx_word' id='word_1_69' title='bbox 1150 1241 1267 1286; x_wconf 91' lang='lat' dir='ltr'>sumus</span> <span class='ocrx_word' id='word_1_70' title='bbox 1292 1221 1385 1288; x_wconf 92' lang='lat' dir='ltr'>dubii</span> <span class='ocrx_word' id='word_1_71' title='bbox 1400 1221 1483 1304; x_wconf 93' lang='lat' dir='ltr'>quin</span> 
     </span>
     <span class='ocr_line' id='line_1_10' title="bbox 374 1323 1482 1408; baseline 0.003 -23"><span class='ocrx_word' id='word_1_72' title='bbox 374 1323 455 1403; x_wconf 91' lang='lat' dir='ltr'>ipse,</span> <span class='ocrx_word' id='word_1_73' title='bbox 481 1324 538 1406; x_wconf 88' lang='lat' dir='ltr'>qui</span> <span class='ocrx_word' id='word_1_74' title='bbox 568 1325 735 1390; x_wconf 84' lang='lat' dir='ltr'>nascentis</span> <span class='ocrx_word' id='word_1_75' title='bbox 765 1323 936 1390; x_wconf 86' lang='lat' dir='ltr'>Ecclesiae</span> <span class='ocrx_word' id='word_1_76' title='bbox 966 1334 1058 1391; x_wconf 91' lang='lat' dir='ltr'>tutor</span> <span class='ocrx_word' id='word_1_77' title='bbox 1082 1347 1102 1390; x_wconf 89' lang='lat' dir='ltr'>a</span> <span class='ocrx_word' id='word_1_78' title='bbox 1133 1326 1209 1390; x_wconf 90' lang='lat' dir='ltr'>Deo</span> <span class='ocrx_word' id='word_1_79' title='bbox 1233 1334 1284 1390; x_wconf 88' lang='lat' dir='ltr'>est</span> <span class='ocrx_word' id='word_1_80' title='bbox 1309 1324 1482 1408; x_wconf 88' lang='lat' dir='ltr'>quondam</span> 
     </span>
     <span class='ocr_line' id='line_1_11' title="bbox 374 1426 1517 1514; baseline 0.003 -25"><span class='ocrx_word' id='word_1_81' title='bbox 374 1426 584 1506; x_wconf 88' lang='lat' dir='ltr'>constitutus,</span> <span class='ocrx_word' id='word_1_82' title='bbox 611 1448 699 1493; x_wconf 90' lang='lat' dir='ltr'>nunc</span> <span class='ocrx_word' id='word_1_83' title='bbox 722 1449 797 1494; x_wconf 89' lang='lat' dir='ltr'>eam</span> <span class='ocrx_word' id='word_1_84' title='bbox 823 1429 1031 1495; x_wconf 87' lang='lat' dir='ltr'>laborantem</span> <span class='ocrx_word' id='word_1_85' title='bbox 1056 1429 1290 1514; x_wconf 88' lang='lat' dir='ltr'>auxiliumque</span> <span class='ocrx_word' id='word_1_86' title='bbox 1310 1438 1481 1512; x_wconf 87' lang='lat' dir='ltr'>petentem</span> <span class='ocrx_word' id='word_1_87' title='bbox 1514 1471 1517 1476; x_wconf 89' lang='lat'>-</span> 
     </span>
     <span class='ocr_line' id='line_1_12' title="bbox 373 1531 1483 1619; baseline 0.002 -24"><span class='ocrx_word' id='word_1_88' title='bbox 373 1531 490 1596; x_wconf 90' lang='lat' dir='ltr'>volens</span> <span class='ocrx_word' id='word_1_89' title='bbox 523 1533 686 1616; x_wconf 87' lang='lat' dir='ltr'>propitius</span> <span class='ocrx_word' id='word_1_90' title='bbox 716 1535 872 1618; x_wconf 86' lang='lat' dir='ltr'>respiciat</span> <span class='ocrx_word' id='word_1_91' title='bbox 900 1554 919 1598; x_wconf 97' lang='lat' dir='ltr'>e</span> <span class='ocrx_word' id='word_1_92' title='bbox 949 1535 1051 1600; x_wconf 88' lang='lat' dir='ltr'>coelis</span> <span class='ocrx_word' id='word_1_93' title='bbox 1081 1534 1262 1619; x_wconf 83' lang='lat' dir='ltr'>validoque</span> <span class='ocrx_word' id='word_1_94' title='bbox 1294 1534 1483 1618; x_wconf 89' lang='lat' dir='ltr'>patrocinio</span> 
     </span>
     <span class='ocr_line' id='line_1_13' title="bbox 374 1635 1483 1724; baseline 0 -24"><span class='ocrx_word' id='word_1_95' title='bbox 374 1645 514 1702; x_wconf 88' lang='lat' dir='ltr'>tueatur.</span> <span class='ocrx_word' id='word_1_96' title='bbox 546 1636 648 1721; x_wconf 85' lang='lat' dir='ltr'>Quod</span> <span class='ocrx_word' id='word_1_97' title='bbox 678 1645 791 1702; x_wconf 88' lang='lat' dir='ltr'>autern</span> <span class='ocrx_word' id='word_1_98' title='bbox 824 1635 940 1704; x_wconf 89' lang='lat' dir='ltr'>Sancti</span> <span class='ocrx_word' id='word_1_99' title='bbox 971 1639 1108 1724; x_wconf 84' lang='lat' dir='ltr'>loseplri</span> <span class='ocrx_word' id='word_1_100' title='bbox 1138 1639 1247 1704; x_wconf 90' lang='lat' dir='ltr'>cultus</span> <span class='ocrx_word' id='word_1_101' title='bbox 1278 1637 1483 1724; x_wconf 86' lang='lat' dir='ltr'>provehatur</span> 
     </span>
     <span class='ocr_line' id='line_1_14' title="bbox 374 1739 1482 1828; baseline 0.002 -24"><span class='ocrx_word' id='word_1_102' title='bbox 374 1739 524 1823; x_wconf 88' lang='lat' dir='ltr'>quotidie</span> <span class='ocrx_word' id='word_1_103' title='bbox 545 1741 652 1824; x_wconf 86' lang='lat' dir='ltr'>magis</span> <span class='ocrx_word' id='word_1_104' title='bbox 667 1751 702 1806; x_wconf 90' lang='lat' dir='ltr'>et</span> <span class='ocrx_word' id='word_1_105' title='bbox 716 1750 880 1826; x_wconf 84' lang='lat' dir='ltr'>augeatur</span> <span class='ocrx_word' id='word_1_106' title='bbox 894 1743 1011 1828; x_wconf 86' lang='lat' dir='ltr'>pietas,</span> <span class='ocrx_word' id='word_1_107' title='bbox 1027 1743 1061 1806; x_wconf 95' lang='lat' dir='ltr'>id</span> <span class='ocrx_word' id='word_1_108' title='bbox 1077 1744 1214 1826; x_wconf 91' lang='lat' dir='ltr'>quidem</span> <span class='ocrx_word' id='word_1_109' title='bbox 1230 1763 1307 1826; x_wconf 89' lang='lat' dir='ltr'>spes</span> <span class='ocrx_word' id='word_1_110' title='bbox 1323 1752 1414 1807; x_wconf 90' lang='lat' dir='ltr'>certa</span> <span class='ocrx_word' id='word_1_111' title='bbox 1429 1752 1482 1807; x_wconf 90' lang='lat' dir='ltr'>est</span> 
     </span>
     <span class='ocr_line' id='line_1_15' title="bbox 374 1842 1483 1930; baseline 0.001 -23"><span class='ocrx_word' id='word_1_112' title='bbox 374 1842 444 1907; x_wconf 86' lang='lat' dir='ltr'>sore</span> <span class='ocrx_word' id='word_1_113' title='bbox 458 1852 591 1926; x_wconf 90' lang='lat' dir='ltr'>gratum</span> <span class='ocrx_word' id='word_1_114' title='bbox 609 1854 850 1930; x_wconf 89' lang='lat' dir='ltr'>acceptumque</span> <span class='ocrx_word' id='word_1_115' title='bbox 870 1845 1112 1911; x_wconf 88' lang='lat' dir='ltr'>Immaculatae</span> <span class='ocrx_word' id='word_1_116' title='bbox 1136 1847 1200 1910; x_wconf 93' lang='lat' dir='ltr'>Dei</span> <span class='ocrx_word' id='word_1_117' title='bbox 1225 1846 1328 1910; x_wconf 89' lang='lat' dir='ltr'>Matri</span> <span class='ocrx_word' id='word_1_118' title='bbox 1344 1844 1483 1920; x_wconf 89' lang='lat' dir='ltr'>Mariae,</span> 
     </span>
     <span class='ocr_line' id='line_1_16' title="bbox 373 1947 1482 2031; baseline 0.001 -22"><span class='ocrx_word' id='word_1_119' title='bbox 373 1948 466 2010; x_wconf 90' lang='lat' dir='ltr'>cuius</span> <span class='ocrx_word' id='word_1_120' title='bbox 482 1948 643 2013; x_wconf 87' lang='lat' dir='ltr'>demereri</span> <span class='ocrx_word' id='word_1_121' title='bbox 670 1949 813 2031; x_wconf 84' lang='lat' dir='ltr'>gratiam</span> <span class='ocrx_word' id='word_1_122' title='bbox 829 1948 916 2014; x_wconf 88' lang='lat' dir='ltr'>hanc</span> <span class='ocrx_word' id='word_1_123' title='bbox 932 1949 1034 2013; x_wconf 88' lang='lat' dir='ltr'>etiam</span> <span class='ocrx_word' id='word_1_124' title='bbox 1050 1950 1095 2013; x_wconf 92' lang='lat' dir='ltr'>ob</span> <span class='ocrx_word' id='word_1_125' title='bbox 1119 1967 1272 2013; x_wconf 85' lang='lat' dir='ltr'>caussam</span> <span class='ocrx_word' id='word_1_126' title='bbox 1288 1947 1386 2014; x_wconf 86' lang='lat' dir='ltr'>valde</span> <span class='ocrx_word' id='word_1_127' title='bbox 1401 1966 1482 2011; x_wconf 91' lang='lat' dir='ltr'>con-</span> 
     </span>
     <span class='ocr_line' id='line_1_17' title="bbox 374 2049 1484 2136; baseline 0.003 -24"><span class='ocrx_word' id='word_1_128' title='bbox 374 2049 516 2116; x_wconf 90' lang='lat' dir='ltr'>fidimus.</span> <span class='ocrx_word' id='word_1_129' title='bbox 541 2051 755 2136; x_wconf 87' lang='lat' dir='ltr'>Quapropter</span> <span class='ocrx_word' id='word_1_130' title='bbox 781 2051 981 2134; x_wconf 89' lang='lat' dir='ltr'>supradictis</span> <span class='ocrx_word' id='word_1_131' title='bbox 1008 2051 1246 2117; x_wconf 90' lang='lat' dir='ltr'>Lusitanorum</span> <span class='ocrx_word' id='word_1_132' title='bbox 1272 2051 1425 2135; x_wconf 89' lang='lat' dir='ltr'>precibus</span> <span class='ocrx_word' id='word_1_133' title='bbox 1448 2059 1484 2116; x_wconf 88' lang='lat' dir='ltr'>et</span> 
     </span>
     <span class='ocr_line' id='line_1_18' title="bbox 373 2153 1483 2239; baseline 0.001 -22"><span class='ocrx_word' id='word_1_134' title='bbox 373 2154 460 2218; x_wconf 85' lang='lat' dir='ltr'>votis</span> <span class='ocrx_word' id='word_1_135' title='bbox 480 2154 625 2238; x_wconf 85' lang='lat' dir='ltr'>benigne</span> <span class='ocrx_word' id='word_1_136' title='bbox 650 2154 881 2220; x_wconf 88' lang='lat' dir='ltr'>obsecundare</span> <span class='ocrx_word' id='word_1_137' title='bbox 904 2155 1065 2232; x_wconf 86' lang='lat' dir='ltr'>volentes,</span> <span class='ocrx_word' id='word_1_138' title='bbox 1093 2156 1176 2220; x_wconf 92' lang='lat' dir='ltr'>moti</span> <span class='ocrx_word' id='word_1_139' title='bbox 1201 2155 1368 2239; x_wconf 88' lang='lat' dir='ltr'>suffragiis</span> <span class='ocrx_word' id='word_1_140' title='bbox 1383 2153 1483 2218; x_wconf 89' lang='lat' dir='ltr'>Lusi·</span> 
     </span>
     <span class='ocr_line' id='line_1_19' title="bbox 374 2258 1482 2344; baseline 0.001 -23"><span class='ocrx_word' id='word_1_141' title='bbox 374 2259 485 2323; x_wconf 88' lang='lat' dir='ltr'>taniae</span> <span class='ocrx_word' id='word_1_142' title='bbox 511 2259 723 2337; x_wconf 88' lang='lat' dir='ltr'>Antistitum,</span> <span class='ocrx_word' id='word_1_143' title='bbox 746 2260 946 2344; x_wconf 88' lang='lat' dir='ltr'>Apostolica</span> <span class='ocrx_word' id='word_1_144' title='bbox 975 2260 1175 2325; x_wconf 88' lang='lat' dir='ltr'>auctoritate</span> <span class='ocrx_word' id='word_1_145' title='bbox 1207 2259 1341 2336; x_wconf 89' lang='lat' dir='ltr'>Nostra,</span> <span class='ocrx_word' id='word_1_146' title='bbox 1363 2258 1482 2323; x_wconf 85' lang='lat' dir='ltr'>harum</span> 
     </span>
     <span class='ocr_line' id='line_1_20' title="bbox 374 2361 1482 2447; baseline -0.001 -21"><span class='ocrx_word' id='word_1_147' title='bbox 374 2361 558 2427; x_wconf 88' lang='lat' dir='ltr'>litterarum</span> <span class='ocrx_word' id='word_1_148' title='bbox 571 2363 604 2427; x_wconf 89' lang='lat' dir='ltr'>vi</span> <span class='ocrx_word' id='word_1_149' title='bbox 615 2365 848 2447; x_wconf 87' lang='lat' dir='ltr'>praecipimus,</span> <span class='ocrx_word' id='word_1_150' title='bbox 859 2365 1080 2442; x_wconf 91' lang='lat' dir='ltr'>decernimus,</span> <span class='ocrx_word' id='word_1_151' title='bbox 1093 2374 1130 2429; x_wconf 90' lang='lat' dir='ltr'>ut</span> <span class='ocrx_word' id='word_1_152' title='bbox 1141 2365 1212 2428; x_wconf 90' lang='lat' dir='ltr'>dies</span> <span class='ocrx_word' id='word_1_153' title='bbox 1229 2363 1482 2447; x_wconf 67' lang='lat' dir='ltr'>undetrigesima</span> 
     </span>
     <span class='ocr_line' id='line_1_21' title="bbox 200 2465 1482 2637; baseline -0.002 -107"><span class='ocrx_word' id='word_1_154' title='bbox 200 2506 243 2610; x_wconf 48' lang='grc' dir='ltr'>ᾗ,</span> <span class='ocrx_word' id='word_1_155' title='bbox 260 2505 347 2612; x_wconf 52' lang='lat' dir='ltr'>iffi</span> <span class='ocrx_word' id='word_1_156' title='bbox 376 2467 644 2636; x_wconf 67' lang='lat' dir='ltr'>menlsideartii</span> <span class='ocrx_word' id='word_1_157' title='bbox 671 2470 862 2636; x_wconf 61' lang='lat' dir='ltr'>memoritaet</span> <span class='ocrx_word' id='word_1_158' title='bbox 881 2469 1070 2637; x_wconf 46' lang='lat' dir='ltr'>Beagssirntai</span> <span class='ocrx_word' id='word_1_159' title='bbox 1095 2467 1315 2636; x_wconf 37' lang='lat' dir='ltr'>&#39;Patriqrchae</span> <span class='ocrx_word' id='word_1_160' title='bbox 1347 2465 1482 2586; x_wconf 78' lang='lat' dir='ltr'>Iosephi</span> 
     </span>
     <span class='ocr_line' id='line_1_22' title="bbox 342 2585 1483 2654; baseline -0.006 -19"><span class='ocrx_word' id='word_1_161' title='bbox 342 2599 347 2617; x_wconf 90' lang='lat'><strong>·</strong></span> <span class='ocrx_word' id='word_1_162' title='bbox 376 2590 451 2635; x_wconf 91' lang='lat' dir='ltr'>reco</span> <span class='ocrx_word' id='word_1_163' title='bbox 465 2591 505 2634; x_wconf 90' lang='lat' dir='ltr'>en</span> <span class='ocrx_word' id='word_1_164' title='bbox 533 2591 572 2635; x_wconf 90' lang='lat' dir='ltr'>ae</span> <span class='ocrx_word' id='word_1_165' title='bbox 602 2591 696 2635; x_wconf 88' lang='lat' dir='ltr'>sacra</span> <span class='ocrx_word' id='word_1_166' title='bbox 722 2590 782 2654; x_wconf 87' lang='lat' dir='ltr'>per</span> <span class='ocrx_word' id='word_1_167' title='bbox 826 2591 918 2636; x_wconf 90' lang='lat' dir='ltr'>oam</span> <span class='ocrx_word' id='word_1_168' title='bbox 981 2591 1030 2636; x_wconf 86' lang='lat' dir='ltr'>usr</span> <span class='ocrx_word' id='word_1_169' title='bbox 1070 2589 1203 2636; x_wconf 89' lang='lat' dir='ltr'>mame</span> <span class='ocrx_word' id='word_1_170' title='bbox 1245 2591 1304 2653; x_wconf 91' lang='lat' dir='ltr'>per</span> <span class='ocrx_word' id='word_1_171' title='bbox 1331 2585 1483 2654; x_wconf 74' lang='lat' dir='ltr'>regiones</span> 
     </span>
    </p>
   </div>
   <div class='ocr_carea' id='block_1_3' title="bbox 199 2625 352 2670">
    <p class='ocr_par' dir='ltr' id='par_1_3' title="bbox 199 2625 352 2670">
     <span class='ocr_line' id='line_1_23' title="bbox 199 2625 352 2670; baseline 0 0"><span class='ocrx_word' id='word_1_172' title='bbox 199 2625 249 2670; x_wconf 81' lang='lat' dir='ltr'>dier</span> <span class='ocrx_word' id='word_1_173' title='bbox 321 2637 352 2670; x_wconf 85' lang='lat'>2!</span> 
     </span>
    </p>
   </div>
   <div class='ocr_carea' id='block_1_4' title="bbox 200 2670 1484 2862">
    <p class='ocr_par' dir='ltr' id='par_1_4' title="bbox 200 2670 1484 2862">
     <span class='ocr_line' id='line_1_24' title="bbox 200 2670 1483 2757; baseline -0.004 -18"><span class='ocrx_word' id='word_1_174' title='bbox 200 2683 288 2754; x_wconf 65' lang='lat' dir='ltr'>marea·</span> <span class='ocrx_word' id='word_1_175' title='bbox 307 2690 353 2754; x_wconf 67' lang='lat' dir='ltr'>per</span> <span class='ocrx_word' id='word_1_176' title='bbox 377 2673 614 2739; x_wconf 86' lang='lat' dir='ltr'>Lusitanorum</span> <span class='ocrx_word' id='word_1_177' title='bbox 630 2673 751 2738; x_wconf 91' lang='lat' dir='ltr'>ditioni</span> <span class='ocrx_word' id='word_1_178' title='bbox 766 2693 805 2738; x_wconf 93' lang='lat' dir='ltr'>ac</span> <span class='ocrx_word' id='word_1_179' title='bbox 821 2674 981 2757; x_wconf 88' lang='lat' dir='ltr'>potestati</span> <span class='ocrx_word' id='word_1_180' title='bbox 1000 2674 1167 2739; x_wconf 88' lang='lat' dir='ltr'>subiectas</span> <span class='ocrx_word' id='word_1_181' title='bbox 1186 2673 1219 2738; x_wconf 90' lang='lat' dir='ltr'>in</span> <span class='ocrx_word' id='word_1_182' title='bbox 1236 2675 1365 2738; x_wconf 90' lang='lat' dir='ltr'>dierum</span> <span class='ocrx_word' id='word_1_183' title='bbox 1382 2670 1483 2736; x_wconf 90' lang='lat' dir='ltr'>festo·</span> 
     </span>
     <span class='ocr_line' id='line_1_25' title="bbox 200 2741 1484 2862; baseline -0.006 -15"><span class='ocrx_word' id='word_1_184' title='bbox 200 2741 352 2862; x_wconf 48' lang='grc' dir='ltr'>αιῖιηᾚψ</span> <span class='ocrx_word' id='word_1_185' title='bbox 377 2798 449 2840; x_wconf 92' lang='lat' dir='ltr'>rum</span> <span class='ocrx_word' id='word_1_186' title='bbox 477 2797 617 2842; x_wconf 88' lang='lat' dir='ltr'>numero</span> <span class='ocrx_word' id='word_1_187' title='bbox 640 2778 704 2843; x_wconf 90' lang='lat' dir='ltr'>rite</span> <span class='ocrx_word' id='word_1_188' title='bbox 734 2787 917 2844; x_wconf 90' lang='lat' dir='ltr'>censeatur.</span> <span class='ocrx_word' id='word_1_189' title='bbox 943 2779 1123 2862; x_wconf 77' lang='lat' dir='ltr'>Propterea</span> <span class='ocrx_word' id='word_1_190' title='bbox 1154 2776 1325 2843; x_wconf 90' lang='lat' dir='ltr'>christiani</span> <span class='ocrx_word' id='word_1_191' title='bbox 1356 2795 1484 2852; x_wconf 89' lang='lat' dir='ltr'>omnes,</span> 
     </span>
    </p>
   </div>
   <div class='ocr_carea' id='block_1_5' title="bbox 193 2861 1486 4062">
    <p class='ocr_par' dir='ltr' id='par_1_5' title="bbox 200 2861 1484 2978">
     <span class='ocr_line' id='line_1_26' title="bbox 200 2861 1484 2978; baseline -0.002 -33"><span class='ocrx_word' id='word_1_192' title='bbox 200 2873 311 2978; x_wconf 50' lang='lat' dir='ltr'>ma,</span> <span class='ocrx_word' id='word_1_193' title='bbox 328 2861 352 2906; x_wconf 65' lang='lat'>‘⁶</span> <span class='ocrx_word' id='word_1_194' title='bbox 375 2900 479 2964; x_wconf 89' lang='lat' dir='ltr'>quum</span> <span class='ocrx_word' id='word_1_195' title='bbox 496 2891 613 2947; x_wconf 92' lang='lat' dir='ltr'>sancto</span> <span class='ocrx_word' id='word_1_196' title='bbox 630 2882 756 2948; x_wconf 90' lang='lat' dir='ltr'>Missae</span> <span class='ocrx_word' id='word_1_197' title='bbox 770 2881 933 2948; x_wconf 87' lang='lat' dir='ltr'>sacrificio</span> <span class='ocrx_word' id='word_1_198' title='bbox 956 2883 1082 2961; x_wconf 89' lang='lat' dir='ltr'>adesse,</span> <span class='ocrx_word' id='word_1_199' title='bbox 1101 2890 1174 2946; x_wconf 86' lang='lat' dir='ltr'>turn</span> <span class='ocrx_word' id='word_1_200' title='bbox 1200 2882 1245 2946; x_wconf 88' lang='lat' dir='ltr'>ab</span> <span class='ocrx_word' id='word_1_201' title='bbox 1268 2882 1309 2946; x_wconf 89' lang='lat' dir='ltr'>iis</span> <span class='ocrx_word' id='word_1_202' title='bbox 1334 2879 1484 2964; x_wconf 77' lang='lat' dir='ltr'>profanis</span> 
     </span>
    </p>

    <p class='ocr_par' dir='ltr' id='par_1_6' title="bbox 193 2977 1486 4062">
     <span class='ocr_line' id='line_1_27' title="bbox 193 2977 1484 3098; baseline 0 -54"><span class='ocrx_word' id='word_1_203' title='bbox 193 2977 352 3098; x_wconf 35' lang='lat' dir='ltr'>{made</span> <span class='ocrx_word' id='word_1_204' title='bbox 376 2983 541 3064; x_wconf 89' lang='lat' dir='ltr'>operibus,</span> <span class='ocrx_word' id='word_1_205' title='bbox 571 3002 658 3066; x_wconf 87' lang='lat' dir='ltr'>quae</span> <span class='ocrx_word' id='word_1_206' title='bbox 687 2981 818 3047; x_wconf 82' lang='lat' dir='ltr'>servilia</span> <span class='ocrx_word' id='word_1_207' title='bbox 847 2983 914 3047; x_wconf 89' lang='lat' dir='ltr'>diei</span> <span class='ocrx_word' id='word_1_208' title='bbox 944 2981 1062 3061; x_wconf 89' lang='lat' dir='ltr'>solent,</span> <span class='ocrx_word' id='word_1_209' title='bbox 1099 2983 1267 3046; x_wconf 86' lang='lat' dir='ltr'>abstinere</span> <span class='ocrx_word' id='word_1_210' title='bbox 1304 2989 1484 3066; x_wconf 88' lang='lat' dir='ltr'>praecepto</span> 
     </span>
     <span class='ocr_line' id='line_1_28' title="bbox 376 3082 1485 3166; baseline -0.002 -20"><span class='ocrx_word' id='word_1_211' title='bbox 376 3083 511 3161; x_wconf 89' lang='lat' dir='ltr'>debent,</span> <span class='ocrx_word' id='word_1_212' title='bbox 525 3103 593 3166; x_wconf 89' lang='lat' dir='ltr'>quo</span> <span class='ocrx_word' id='word_1_213' title='bbox 614 3083 750 3148; x_wconf 87' lang='lat' dir='ltr'>caelesti</span> <span class='ocrx_word' id='word_1_214' title='bbox 776 3083 948 3148; x_wconf 88' lang='lat' dir='ltr'>Ecclesiae</span> <span class='ocrx_word' id='word_1_215' title='bbox 972 3085 1119 3148; x_wconf 89' lang='lat' dir='ltr'>Patrono</span> <span class='ocrx_word' id='word_1_216' title='bbox 1147 3083 1302 3147; x_wconf 87' lang='lat' dir='ltr'>meritum</span> <span class='ocrx_word' id='word_1_217' title='bbox 1319 3082 1485 3147; x_wconf 90' lang='lat' dir='ltr'>tribuatur</span> 
     </span>
     <span class='ocr_line' id='line_1_29' title="bbox 376 3181 1485 3268; baseline -0.001 -23"><span class='ocrx_word' id='word_1_218' title='bbox 376 3182 512 3246; x_wconf 92' lang='lat' dir='ltr'>honoris</span> <span class='ocrx_word' id='word_1_219' title='bbox 536 3192 571 3248; x_wconf 94' lang='lat' dir='ltr'>et</span> <span class='ocrx_word' id='word_1_220' title='bbox 593 3183 746 3268; x_wconf 87' lang='lat' dir='ltr'>obsequii</span> <span class='ocrx_word' id='word_1_221' title='bbox 768 3181 914 3248; x_wconf 88' lang='lat' dir='ltr'>officium</span> <span class='ocrx_word' id='word_1_222' title='bbox 933 3191 968 3248; x_wconf 88' lang='lat' dir='ltr'>et</span> <span class='ocrx_word' id='word_1_223' title='bbox 994 3181 1186 3248; x_wconf 90' lang='lat' dir='ltr'>firmissimo</span> <span class='ocrx_word' id='word_1_224' title='bbox 1211 3181 1283 3246; x_wconf 89' lang='lat' dir='ltr'>eius</span> <span class='ocrx_word' id='word_1_225' title='bbox 1298 3183 1485 3266; x_wconf 87' lang='lat' dir='ltr'>patrocinio</span> 
     </span>
     <span class='ocr_line' id='line_1_30' title="bbox 376 3281 1485 3366; baseline -0.001 -20"><span class='ocrx_word' id='word_1_226' title='bbox 376 3283 530 3347; x_wconf 86' lang='lat' dir='ltr'>universa</span> <span class='ocrx_word' id='word_1_227' title='bbox 563 3283 621 3348; x_wconf 84' lang='lat' dir='ltr'>illa</span> <span class='ocrx_word' id='word_1_228' title='bbox 658 3283 751 3348; x_wconf 91' lang='lat' dir='ltr'>natio</span> <span class='ocrx_word' id='word_1_229' title='bbox 781 3283 904 3366; x_wconf 89' lang='lat' dir='ltr'>largius</span> <span class='ocrx_word' id='word_1_230' title='bbox 934 3281 1131 3366; x_wconf 79' lang='lat' dir='ltr'>perfruatur.</span> <span class='ocrx_word' id='word_1_231' title='bbox 1161 3282 1241 3348; x_wconf 94' lang='lat' dir='ltr'>Non</span> <span class='ocrx_word' id='word_1_232' title='bbox 1271 3282 1485 3348; x_wconf 90' lang='lat' dir='ltr'>obstantibus</span> 
     </span>
     <span class='ocr_line' id='line_1_31' title="bbox 377 3381 1486 3465; baseline 0 -21"><span class='ocrx_word' id='word_1_233' title='bbox 377 3381 529 3462; x_wconf 88' lang='lat' dir='ltr'>quamvis</span> <span class='ocrx_word' id='word_1_234' title='bbox 545 3381 690 3463; x_wconf 90' lang='lat' dir='ltr'>speciali,</span> <span class='ocrx_word' id='word_1_235' title='bbox 704 3382 878 3447; x_wconf 90' lang='lat' dir='ltr'>individua</span> <span class='ocrx_word' id='word_1_236' title='bbox 893 3382 1064 3447; x_wconf 89' lang='lat' dir='ltr'>mentione</span> <span class='ocrx_word' id='word_1_237' title='bbox 1083 3403 1121 3448; x_wconf 83' lang='lat' dir='ltr'>ac</span> <span class='ocrx_word' id='word_1_238' title='bbox 1138 3383 1358 3465; x_wconf 89' lang='lat' dir='ltr'>derogatione</span> <span class='ocrx_word' id='word_1_239' title='bbox 1372 3382 1486 3464; x_wconf 87' lang='lat' dir='ltr'>dignis</span> 
     </span>
     <span class='ocr_line' id='line_1_32' title="bbox 376 3479 1484 3568; baseline 0.004 -26"><span class='ocrx_word' id='word_1_240' title='bbox 376 3479 410 3542; x_wconf 91' lang='lat' dir='ltr'>in</span> <span class='ocrx_word' id='word_1_241' title='bbox 426 3481 628 3544; x_wconf 86' lang='lat' dir='ltr'>contrarium</span> <span class='ocrx_word' id='word_1_242' title='bbox 656 3479 855 3546; x_wconf 89' lang='lat' dir='ltr'>facientibus</span> <span class='ocrx_word' id='word_1_243' title='bbox 880 3480 1155 3568; x_wconf 89' lang='lat' dir='ltr'>quibuscumque.</span> <span class='ocrx_word' id='word_1_244' title='bbox 1178 3483 1346 3548; x_wconf 89' lang='lat' dir='ltr'>Volumus</span> <span class='ocrx_word' id='word_1_245' title='bbox 1370 3493 1484 3548; x_wconf 88' lang='lat' dir='ltr'>autern</span> 
     </span>
     <span class='ocr_line' id='line_1_33' title="bbox 377 3579 1483 3665; baseline 0.005 -24"><span class='ocrx_word' id='word_1_246' title='bbox 377 3589 414 3641; x_wconf 90' lang='lat' dir='ltr'>ut</span> <span class='ocrx_word' id='word_1_247' title='bbox 429 3579 655 3660; x_wconf 88' lang='lat' dir='ltr'>praesentium</span> <span class='ocrx_word' id='word_1_248' title='bbox 677 3579 860 3645; x_wconf 89' lang='lat' dir='ltr'>litterarum</span> <span class='ocrx_word' id='word_1_249' title='bbox 877 3582 1105 3665; x_wconf 87' lang='lat' dir='ltr'>transumptis,</span> <span class='ocrx_word' id='word_1_250' title='bbox 1121 3600 1178 3646; x_wconf 89' lang='lat' dir='ltr'>seu</span> <span class='ocrx_word' id='word_1_251' title='bbox 1200 3582 1365 3665; x_wconf 89' lang='lat' dir='ltr'>exemplis</span> <span class='ocrx_word' id='word_1_252' title='bbox 1381 3581 1483 3647; x_wconf 89' lang='lat' dir='ltr'>etiam</span> 
     </span>
     <span class='ocr_line' id='line_1_34' title="bbox 376 3677 1485 3765; baseline 0.005 -25"><span class='ocrx_word' id='word_1_253' title='bbox 376 3677 545 3762; x_wconf 88' lang='lat' dir='ltr'>impressis</span> <span class='ocrx_word' id='word_1_254' title='bbox 561 3697 663 3744; x_wconf 89' lang='lat' dir='ltr'>manu</span> <span class='ocrx_word' id='word_1_255' title='bbox 679 3679 818 3745; x_wconf 89' lang='lat' dir='ltr'>alicuius</span> <span class='ocrx_word' id='word_1_256' title='bbox 831 3680 863 3744; x_wconf 93' lang='lat' dir='ltr'>N</span> <span class='ocrx_word' id='word_1_257' title='bbox 866 3681 964 3745; x_wconf 89' lang='lat' dir='ltr'>otarii</span> <span class='ocrx_word' id='word_1_258' title='bbox 979 3681 1104 3764; x_wconf 90' lang='lat' dir='ltr'>publici</span> <span class='ocrx_word' id='word_1_259' title='bbox 1120 3681 1316 3765; x_wconf 90' lang='lat' dir='ltr'>subscriptis</span> <span class='ocrx_word' id='word_1_260' title='bbox 1328 3691 1363 3746; x_wconf 92' lang='lat' dir='ltr'>et</span> <span class='ocrx_word' id='word_1_261' title='bbox 1374 3679 1485 3764; x_wconf 85' lang='lat' dir='ltr'>sigillo</span> 
     </span>
     <span class='ocr_line' id='line_1_35' title="bbox 375 3778 1485 3862; baseline 0.004 -22"><span class='ocrx_word' id='word_1_262' title='bbox 375 3797 539 3861; x_wconf 85' lang='lat' dir='ltr'>personae</span> <span class='ocrx_word' id='word_1_263' title='bbox 575 3778 609 3842; x_wconf 90' lang='lat' dir='ltr'>in</span> <span class='ocrx_word' id='word_1_264' title='bbox 646 3778 870 3844; x_wconf 89' lang='lat' dir='ltr'>ecclesiastica</span> <span class='ocrx_word' id='word_1_265' title='bbox 900 3780 1066 3862; x_wconf 89' lang='lat' dir='ltr'>dignitate</span> <span class='ocrx_word' id='word_1_266' title='bbox 1100 3783 1304 3845; x_wconf 89' lang='lat' dir='ltr'>constitutae</span> <span class='ocrx_word' id='word_1_267' title='bbox 1337 3781 1485 3860; x_wconf 88' lang='lat' dir='ltr'>munitis,</span> 
     </span>
     <span class='ocr_line' id='line_1_36' title="bbox 375 3875 1484 3964; baseline 0.004 -24"><span class='ocrx_word' id='word_1_268' title='bbox 375 3879 494 3944; x_wconf 88' lang='lat' dir='ltr'>eadem</span> <span class='ocrx_word' id='word_1_269' title='bbox 524 3898 659 3963; x_wconf 87' lang='lat' dir='ltr'>prorsus</span> <span class='ocrx_word' id='word_1_270' title='bbox 690 3875 774 3942; x_wconf 87' lang='lat' dir='ltr'>fides</span> <span class='ocrx_word' id='word_1_271' title='bbox 803 3878 1011 3958; x_wconf 91' lang='lat' dir='ltr'>adhibeatur,</span> <span class='ocrx_word' id='word_1_272' title='bbox 1041 3899 1127 3962; x_wconf 90' lang='lat' dir='ltr'>quae</span> <span class='ocrx_word' id='word_1_273' title='bbox 1158 3879 1373 3945; x_wconf 85' lang='lat' dir='ltr'>adhiberetur</span> <span class='ocrx_word' id='word_1_274' title='bbox 1402 3880 1484 3964; x_wconf 88' lang='lat' dir='ltr'>ipsis</span> 
     </span>
     <span class='ocr_line' id='line_1_37' title="bbox 374 3977 1212 4062; baseline 0.002 -20"><span class='ocrx_word' id='word_1_275' title='bbox 374 3979 606 4062; x_wconf 87' lang='lat' dir='ltr'>praesentibus</span> <span class='ocrx_word' id='word_1_276' title='bbox 622 3978 650 4041; x_wconf 91' lang='lat' dir='ltr'>si</span> <span class='ocrx_word' id='word_1_277' title='bbox 666 3977 774 4043; x_wconf 90' lang='lat' dir='ltr'>forent</span> <span class='ocrx_word' id='word_1_278' title='bbox 792 3977 964 4042; x_wconf 89' lang='lat' dir='ltr'>exhibitae</span> <span class='ocrx_word' id='word_1_279' title='bbox 980 3977 1032 4042; x_wconf 89' lang='lat' dir='ltr'>vel</span> <span class='ocrx_word' id='word_1_280' title='bbox 1049 3987 1212 4044; x_wconf 89' lang='lat' dir='ltr'>ostensae.</span> 
     </span>
    </p>
   </div>
   <div class='ocr_carea' id='block_1_6' title="bbox 376 4079 1485 4264">
    <p class='ocr_par' dir='ltr' id='par_1_7' title="bbox 376 4079 1485 4264">
     <span class='ocr_line' id='line_1_38' title="bbox 420 4079 1485 4166; baseline 0.001 -20"><span class='ocrx_word' id='word_1_281' title='bbox 420 4082 547 4147; x_wconf 88' lang='lat' dir='ltr'>Datum</span> <span class='ocrx_word' id='word_1_282' title='bbox 565 4082 696 4147; x_wconf 86' lang='lat' dir='ltr'>Romae</span> <span class='ocrx_word' id='word_1_283' title='bbox 711 4081 801 4166; x_wconf 91' lang='lat' dir='ltr'>apud</span> <span class='ocrx_word' id='word_1_284' title='bbox 818 4079 852 4148; x_wconf 92' lang='lat' dir='ltr'>S.</span> <span class='ocrx_word' id='word_1_285' title='bbox 870 4081 1005 4146; x_wconf 87' lang='lat' dir='ltr'>Petrum</span> <span class='ocrx_word' id='word_1_286' title='bbox 1030 4083 1094 4146; x_wconf 90' lang='lat' dir='ltr'>sub</span> <span class='ocrx_word' id='word_1_287' title='bbox 1117 4084 1220 4147; x_wconf 89' lang='lat' dir='ltr'>anulo</span> <span class='ocrx_word' id='word_1_288' title='bbox 1236 4083 1414 4148; x_wconf 88' lang='lat' dir='ltr'>Piscatoris</span> <span class='ocrx_word' id='word_1_289' title='bbox 1428 4081 1485 4148; x_wconf 91' lang='lat' dir='ltr'>die</span> 
     </span>
     <span class='ocr_line' id='line_1_39' title="bbox 376 4177 1353 4264; baseline 0.001 -19"><span class='ocrx_word' id='word_1_290' title='bbox 376 4197 394 4264; x_wconf 82' lang='lat'>3</span> <span class='ocrx_word' id='word_1_291' title='bbox 413 4181 500 4246; x_wconf 90' lang='lat' dir='ltr'>lunii</span> <span class='ocrx_word' id='word_1_292' title='bbox 520 4183 613 4261; x_wconf 85' lang='lat'>1890,</span> <span class='ocrx_word' id='word_1_293' title='bbox 629 4179 846 4246; x_wconf 86' lang='lat' dir='ltr'>Pontificatus</span> <span class='ocrx_word' id='word_1_294' title='bbox 863 4177 977 4246; x_wconf 90' lang='lat' dir='ltr'>Nostri</span> <span class='ocrx_word' id='word_1_295' title='bbox 994 4200 1084 4245; x_wconf 89' lang='lat' dir='ltr'>anno</span> <span class='ocrx_word' id='word_1_296' title='bbox 1099 4181 1232 4245; x_wconf 90' lang='lat' dir='ltr'>decimo</span> <span class='ocrx_word' id='word_1_297' title='bbox 1246 4181 1353 4246; x_wconf 88' lang='lat' dir='ltr'>tertio.</span> 
     </span>
    </p>
   </div>
   <div class='ocr_carea' id='block_1_7' title="bbox 811 4337 1396 4406">
    <p class='ocr_par' dir='ltr' id='par_1_8' title="bbox 811 4337 1396 4406">
     <span class='ocr_line' id='line_1_40' title="bbox 811 4337 1396 4406; baseline 0.003 -4"><span class='ocrx_word' id='word_1_298' title='bbox 811 4337 858 4404; x_wconf 90' lang='lat' dir='ltr'>M.</span> <span class='ocrx_word' id='word_1_299' title='bbox 881 4337 997 4406; x_wconf 71' lang='lat' dir='ltr'>Caro.</span> <span class='ocrx_word' id='word_1_300' title='bbox 1022 4337 1396 4406; x_wconf 86' lang='lat' dir='ltr'>LEDOCHOWSKI.</span> 
     </span>
    </p>
   </div>
   <div class='ocr_carea' id='block_1_8' title="bbox 0 0 1686 4928">
    <p class='ocr_par' dir='ltr' id='par_1_9' title="bbox 0 0 1686 4928">
     <span class='ocr_line' id='line_1_41' title="bbox 0 0 1686 4928; baseline 0 1"><span class='ocrx_word' id='word_1_301' title='bbox 0 0 1686 4928; x_wconf 95' lang='lat' dir='ltr'> </span> 
     </span>
    </p>
   </div>
  </div>
 </body>
</html>
