3354 4938
524 649 573 710 ad
595 646 781 710 Comitem
803 645 851 706 de
874 647 1107 726 Ballestrem,
1132 650 1319 710 Beronum
1341 649 1467 709 Heer-
1501 566 1541 727 l}

655 825 772 872 mann
796 816 833 870 et
856 811 1042 872 Comitem
1065 813 1112 873 de
1136 813 1316 888 Preyslng

334 977 337 984 ·
441 963 478 1078 23}
512 983 576 1044 nr:
598 980 844 1041 munrsus
871 979 1473 1042 Luuovrc1wmnrnonsr.

275 1319 401 1408 mom
475 1286 785 1514 *MEUMMA
808 1293 997 1358 animorum
1023 1293 1225 1374 coniunctio,
1246 1313 1335 1378 quae
1359 1294 1455 1359 vobis
1482 1293 1552 1359 fuit

303 1417 370 1476 1891.
507 1397 555 1548 S
653 1415 730 1460 cum
746 1397 882 1480 egregio
896 1395 969 1462 viro
983 1395 1147 1462 Ludwico
1166 1395 1379 1476 Windthorst,
1390 1398 1453 1462 etsi
1471 1397 1550 1462 Nos

325 1526 417 1573 praru
655 1499 794 1564 minime
805 1499 942 1580 latebat,
953 1499 1159 1584 explorat10r
1171 1508 1285 1565 tamen
1302 1500 1411 1565 Nobis
1427 1500 1550 1565 extitit

262 1585 404 1692 ξζζξζξω
558 1667 563 1676 ,
654 1621 698 1666 ex
714 1603 755 1666 iis
769 1621 857 1686 quae
880 1601 1107 1687 telegraphica
1133 1603 1314 1688 scriptione
1339 1599 1475 1686 perferri
1498 1604 1548 1668 ad

261 1705 414 1812 ssjfflc‘gm
439 1705 513 1771 Nos
528 1707 710 1786 curavistis,
720 1709 892 1775 communi
906 1719 1019 1775 vestro
1034 1717 1068 1774 et
1082 1708 1286 1793 collegarum
1303 1708 1547 1775 catholicorum

263 1827 292 1868 ae
312 1882 317 1892 Ι
348 1826 415 1897 auru
438 1811 584 1891 nominc,
595 1831 655 1895 pcr
665 1811 826 1878 dilectum
840 1812 946 1878 filium
962 1813 1126 1879 Nostrum
1143 1812 1357 1881 cardinalem
1369 1833 1390 1878 a
1402 1812 1548 1897 publicis

258 1883 413 2012 {wlff
438 1915 584 1998 negotiis
598 1917 844 1984 administrum.
858 1955 903 1968 —
918 1919 1015 1985 Iusto
1036 1919 1207 1984 enimvero
1229 1927 1264 1984 ct
1285 1918 1406 1983 acerbo
1426 1915 1549 1984 dolore

263 2005 386 2110 Lm,
407 2006 413 2017 ’
437 2017 576 2085 affectos
601 2041 663 2086 vos
687 2040 760 2086 esse
785 2021 1002 2105 intelligimus
1028 2041 1073 2087 ex
1089 2023 1259 2106 insperato
1273 2023 1345 2087 eius
1358 2021 1421 2086 viri
1438 2020 1548 2099 obitu,

261 2117 369 2229 mlt-
438 2119 532 2184 cuius
543 2118 668 2204 religio,
680 2120 864 2204 integritas,
880 2121 1066 2204 prudentia,
1077 2121 1209 2206 aliaque
1225 2121 1327 2185 animi
1343 2129 1547 2186 ornamenta

437 2233 612 2306 perspecta
629 2243 709 2308 prae
724 2223 844 2290 ceteris
859 2225 954 2292 vobis
967 2223 1067 2305 fuere,
1078 2224 1135 2310 qui
1147 2225 1256 2309 ipsum
1272 2223 1393 2289 ducem
1410 2225 1547 2310 sequuti

437 2332 471 2397 in
499 2334 600 2401 officii
623 2336 811 2419 gravissimi
835 2335 1075 2420 perfunctione,
1100 2357 1168 2402 non
1193 2336 1303 2402 minus
1333 2336 1484 2402 laborum
1508 2346 1547 2402 et

438 2439 652 2506 consiliorum
684 2441 764 2506 socii
793 2461 896 2525 quam
927 2440 1036 2506 laudis
1068 2441 1138 2505 eius
1168 2441 1347 2526 participes
1372 2439 1547 2508 extitistis

319 2599 414 2646 Lm
438 2540 561 2606 Vestra
585 2543 675 2607 enim
701 2543 921 2609 consensione
945 2553 980 2610 et
1005 2542 1171 2629 suffragiis
1194 2543 1307 2624 fretus,
1322 2542 1479 2609 maximis
1494 2545 1549 2608 rei

254 2657 404 2778 pameas
438 2643 638 2711 christianae
662 2655 696 2712 et
720 2647 874 2730 publicae
896 2647 1113 2732 temporibus,
1139 2647 1309 2713 Ecclesiae
1333 2647 1481 2713 rationes
1507 2657 1546 2712 et

261 2781 320 2823 „m
358 2779 413 2824 cere·
438 2766 510 2812 rura
525 2756 660 2813 strenue
674 2749 835 2830 defendit,
850 2770 1070 2836 caussamque
1078 2751 1225 2817 iustitiae
1236 2750 1339 2816 semel
1349 2759 1545 2834 susceptam

261 2836 322 2883 Μ·
438 2868 564 2932 magno
579 2851 693 2917 animo
709 2853 794 2918 tueri
810 2854 968 2937 perrexit,
989 2853 1097 2918 donec
1113 2873 1152 2918 ea
1167 2873 1203 2918 se
1218 2862 1435 2938 assequutum
1450 2853 1546 2918 vide·

437 2964 488 3021 ret
517 2975 605 3039 quae
634 2958 749 3023 animo
773 2968 966 3025 constanter
991 2958 1190 3025 intenderat.
1213 2997 1257 3009 -
1279 2958 1404 3023 Merito
1427 2966 1545 3024 autern

436 3062 582 3143 partium
599 3071 783 3128 vestrarum
798 3063 984 3148 principem
1000 3083 1076 3129 eurn
1092 3083 1152 3128 vos
1167 3062 1324 3128 habuisse
1339 3061 1546 3145 gloriamini,

436 3165 493 3247 qui
525 3185 697 3251 nunquam
728 3187 765 3232 se
801 3166 1050 3235 adversantium
1080 3167 1205 3232 viribus
1236 3175 1295 3232 aut
1324 3163 1546 3250 popularibus

436 3269 592 3336 fluctibus
617 3272 724 3355 gradu
751 3271 877 3337 moveri
901 3291 1019 3356 passus
1046 3279 1105 3350 est,
1120 3272 1178 3355 qui
1194 3271 1242 3336 ita
1261 3269 1405 3354 patriam
1421 3268 1547 3335 dilexit

436 3380 470 3435 et
494 3372 643 3440 debitam
672 3374 817 3458 Principi
843 3375 1089 3440 observantiam
1117 3374 1274 3452 ostendit,
1300 3382 1337 3438 ut
1367 3391 1546 3456 nunquam

435 3474 519 3539 haec
530 3475 641 3541 officia
655 3498 675 3542 a
690 3478 861 3562 religionis
876 3479 968 3544 cultu
983 3477 1177 3557 seiunxerit,
1192 3487 1295 3562 atquc
1308 3479 1356 3542 ita
1372 3477 1544 3542 rationum

436 3579 584 3662 pondere
599 3579 793 3664 solidaeque
808 3581 1020 3666 eloquentiae
1035 3583 1155 3647 robore
1176 3601 1234 3646 eos
1259 3581 1317 3665 qui
1333 3590 1450 3646 contra
1465 3600 1546 3646 sen·
1662 3597 1663 3602 ’

435 3681 565 3748 tiebant
591 3685 810 3767 oppugnavit,
839 3695 877 3750 ut
907 3685 1004 3750 facile
1027 3685 1145 3769 agnitu
1170 3693 1268 3762 esset,
1290 3703 1367 3749 eum
1390 3685 1545 3749 veritatis

435 3787 548 3853 studio
571 3789 614 3854 ad
631 3789 838 3868 certandum,
852 3809 920 3854 non
936 3790 1004 3854 ulla
1019 3791 1189 3856 commodi
1204 3800 1263 3856 aut
1286 3789 1422 3854 honoris
1448 3789 1545 3872 cupi·

336 3945 410 4004 Quem
435 3892 542 3957 ditate
554 3892 688 3959 moveri.
704 3931 748 3942 -
762 3893 931 3976 Equidem
957 3893 1040 3959 haec
1066 3893 1138 3958 eius
1162 3895 1290 3971 merita,
1313 3893 1363 3959 uti
1379 3911 1440 3975 par
1460 3901 1546 3972 erat,

258 4017 321 4074 mors
350 4005 410 4076 ipa
435 3995 672 4079 probatissima
688 3996 888 4077 habuimus;
910 3997 1012 4081 idque
1027 4015 1102 4062 cum
1119 3996 1212 4075 alias,
1226 3997 1341 4062 oblata
1357 3995 1545 4076 occasione,

253 4063 409 4192 ss‘lllrff
435 4099 549 4164 testati
565 4118 690 4178 sumus,
705 4110 778 4165 tum
803 4120 910 4185 nuper
936 4099 1001 4165 hoc
1027 4119 1126 4180 auno,
1140 4119 1255 4183 quum,
1269 4099 1430 4164 redeunte
1446 4101 1544 4164 anni-

256 4187 410 4287 ξῗῖἳξρζζξζ
434 4202 579 4266 versaria
602 4203 658 4269 dic
684 4203 909 4270 coronationis
925 4203 1079 4282 Nostrae,
1095 4223 1182 4268 nova
1197 4201 1333 4268 honoris
1349 4201 1545 4268 accessione

248 4297 335 4358 sui*
349 4301 409 4346 mi·
435 4305 545 4389 ipsum
575 4325 699 4389 augere
732 4307 908 4387 voluimus,
936 4306 1106 4373 adlectum
1137 4325 1259 4391 nempe
1291 4306 1378 4371 inter
1410 4306 1546 4391 equites
1661 4309 1662 4344 ³

256 4357 299 4405 bus
329 4367 408 4420 super·
