3354 4938
379 261 447 350 198
527 279 714 329 cursans
742 276 897 328 aucum.
921 261 941 290 ‘¹
957 277 1089 327 neuun
1117 275 1304 328 uovxuun
1324 309 1344 337 „

372 474 455 530 sum,
471 472 558 536 quae
573 453 616 518 sit
631 451 720 516 vitae
735 451 769 515 in
783 451 884 514 caelis
899 451 1123 534 sempiternae
1137 460 1371 516 consentanea
1381 447 1472 534 Quin

371 559 473 624 etiam
498 559 532 620 in
548 557 613 621 hoc
638 574 761 639 genere
786 553 921 619 tractari
937 575 973 618 se
989 574 1055 618 non
1079 553 1316 620 convenienter
1335 566 1475 619 naturae

192 660 346 765 muggt‘
371 683 460 740 suae,
489 661 659 745 animique
683 659 876 725 servitutem
907 657 1028 724 servire
1058 658 1153 736 velle,
1186 679 1229 722 ne
1255 678 1316 723 sua
1337 658 1475 741 quidem

193 793 249 824 can
297 735 345 824 noi}
371 775 491 848 sponte
508 766 611 828 homo
627 773 758 847 potest:
781 781 890 846 oeque
906 763 994 826 enim
1011 763 1054 827 de
1069 761 1196 827 iuribus
1211 762 1331 846 agitur,
1345 762 1388 826 de
1403 759 1476 843 qui·

188 843 269 896 Μ’·
370 871 432 935 bus
449 871 492 936 sit
508 870 675 952 integrum
692 869 831 947 homini,
857 885 972 931 verum
988 867 1031 932 de
1046 865 1164 930 officiis
1179 867 1338 930 adversus
1354 864 1479 940 Deum,

370 993 457 1057 quae
472 990 607 1036 neeesse
623 980 674 1035 est
689 979 804 1034 sancte
819 969 951 1033 servari.

222 1093 291 1163 ncnc
307 1107 343 1139 re·
416 1075 506 1139 Hinc
523 1075 738 1157 consequitur
766 1074 897 1156 requies
912 1093 1052 1156 operum
1080 1083 1114 1137 et
1129 1072 1281 1137 laborum
1298 1093 1357 1154 per
1373 1071 1478 1137 iestos

191 1159 347 1272 {13:122ssss
369 1177 440 1242 dies
456 1180 649 1243 necessaria
665 1179 704 1242 Id
717 1189 831 1243 tamen
848 1198 947 1244 nemo
959 1177 1125 1260 intelligat
1136 1177 1179 1242 de
1192 1178 1317 1242 maiore
1328 1177 1477 1260 quadam

191 1285 292 1376 ’'ff'‘
310 1330 343 1375 m
370 1283 485 1346 inertis
512 1283 578 1355 otii¹
597 1303 705 1359 usura,
728 1282 901 1365 multoque
924 1283 1035 1347 minus
1057 1283 1102 1347 de
1125 1283 1320 1359 cessatione,
1342 1281 1477 1365 qualern

186 1390 344 1450 pmurabit,·
371 1386 466 1450 multi
483 1394 658 1468 expetunt,
685 1385 823 1450 fautrice
838 1386 996 1451 vitiorum
1013 1397 1047 1451 et
1063 1387 1105 1450 ad
1126 1385 1304 1451 effusiones
1320 1387 1478 1468 pecunia·

190 1463 343 1578 marii
370 1508 442 1553 rum
454 1489 684 1566 adiutrice‚sed
697 1490 835 1553 omnino
847 1489 891 1553 de
903 1489 1051 1572 requiete
1060 1510 1199 1571 operum
1210 1511 1270 1572 per
1281 1490 1477 1572 religionem

191 1573 344 1675 murm
370 1603 572 1658 consecrata.
585 1591 774 1658 Coniuncta
786 1612 863 1657 cum
878 1592 1040 1676 reiigione
1055 1594 1148 1675 quies
1158 1603 1293 1658 sevocat
1304 1593 1477 1658 hominem

370 1714 391 1758 a
405 1694 576 1760 laboribus
604 1698 815 1778 negotiisque
833 1697 924 1760 vitae
940 1695 1158 1779 quotidianae
1183 1706 1220 1760 ut
1235 1694 1278 1758 ad
1295 1696 1478 1778 cogitanda

370 1808 504 1863 revocet
542 1799 632 1863 bona
670 1798 836 1876 caelestia,
873 1800 1155 1882 tribuendumque
1189 1800 1316 1865 cultum
1348 1800 1478 1864 numini

370 1910 507 1968 aeterno
535 1903 659 1967 iustum
690 1923 728 1968 ac
752 1904 914 1968 debiturn.
939 1903 1036 1968 Haec
1060 1905 1210 1968 maxime
1233 1914 1352 1968 natura
1375 1914 1478 1988 atque

370 2005 453 2068 haec
468 2024 587 2070 caussa
603 2005 725 2089 quietis
741 2007 839 2070 estin
856 2007 928 2070 dies
943 2004 1047 2071 festos
1060 2006 1259 2088 capiendae:
1275 2006 1366 2088 quod
1384 2007 1479 2070 Deus

370 2117 404 2173 et
421 2110 454 2172 in
471 2109 692 2175 Testamento
707 2111 810 2173 veteri
825 2109 1005 2192 praecipua
1027 2109 1102 2193 lege
1117 2109 1247 2174 sanxit:
1262 2109 1427 2174 Memento
1441 2117 1482 2172 ut

370 2215 457 2280 dr'em
475 2217 605 2282 sabbati
622 2216 801 2299 sarrctqfices
814 2216 875 2300 (¹);
897 2226 931 2279 ct
946 2215 1038 2280 facto
1053 2219 1125 2300 ipse
1141 2237 1202 2281 suo
1218 2217 1342 2293 docuit,
1357 2236 1481 2280 arcana

371 2319 529 2402 requiete,
542 2321 657 2385 statim
668 2331 889 2403 posteaquam
902 2318 1083 2384 fabricatus
1097 2321 1268 2384 hominem
1282 2330 1479 2402 eratsump·

371 2433 422 2487 ta:
431 2423 609 2506 Requievit
619 2424 672 2487 Δία
685 2424 818 2506 septimo
828 2423 870 2488 ab
893 2423 1045 2488 universo
1059 2435 1149 2508 opere
1162 2424 1251 2506 quod
1254 2432 1412 2508 patrarat
1425 2422 1438 2505 (
1457 2423 1477 2504 ).

230 2539 256 2608 β)
277 2544 345 2614 sena
416 2526 517 2611 Quod
534 2526 577 2590 ad
604 2525 745 2591 tutelam
762 2526 925 2591 bonorum
953 2528 1101 2609 corporis
1116 2537 1149 2592 et
1166 2539 1391 2604 externorum,
1412 2525 1481 2608 pri·

195 2605 347 2711 ffiffia
374 2650 467 2694 mum
494 2630 646 2693 omnium
673 2630 800 2711 eripere
826 2630 965 2693 miseros
987 2629 1125 2712 opifices
1151 2651 1170 2696 e
1192 2631 1332 2694 saevitia
1347 2635 1483 2712 oportet

196 2723 325 2775 ''m''
373 2734 547 2798 hominum
558 2732 922 2815 cupidorum,personis
933 2753 994 2816 pro
1004 2734 1103 2798 rebus
1114 2735 1157 2798 ad
1168 2745 1346 2816 quaestum
1359 2734 1480 2798 intem-

373 2846 528 2922 peranter
540 2835 902 2902 abutentiumScilicet
911 2845 1043 2902 tantum
1051 2838 1142 2921 exigi
1154 2839 1312 2921 operiant
1323 2837 1482 2902 hebescat

374 2941 505 3006 animus
517 2940 631 3004 labore
643 2939 891 3023 nimio,unaque
900 2960 1022 3023 corpus
1032 2940 1265 3024 defatigationi
1276 2941 1481 3017 succumbat,

374 3065 441 3108 non
458 3044 594 3120 iustitia,
610 3063 677 3108 non
694 3043 885 3106 humanitas
901 3045 1037 3126 patitur.
1055 3044 1095 3109 In
1108 3045 1253 3122 homine,
1269 3045 1356 3108 sicut
1370 3043 1481 3108 omnis

199 3188 234 3246 p)
258 3189 348 3248 imp,
375 3159 494 3214 natura
510 3167 579 3224 sua,
590 3148 636 3211 ita
646 3155 680 3210 et
696 3145 745 3210 vis
755 3144 901 3210 efficiens
914 3147 1012 3212 certis
1029 3155 1079 3212 est
1091 3149 1340 3230 circumscripta
1350 3145 1483 3226 finibus,

199 3249 349 3318 ‘amit‘
375 3261 473 3316 extra
499 3270 583 3334 quos
607 3249 721 3332 egredi
745 3268 812 3313 non
836 3257 956 3331 potest
979 3249 1124 3314 Acuitur
1146 3250 1203 3314 illa
1224 3250 1361 3333 quidem
1384 3268 1483 3313 exer·

199 3309 279 3414 ‘rix‘
313 3321 352 3412 vii
375 3353 535 3418 citatione
549 3363 652 3434 atque
672 3371 743 3428 usu,
769 3352 828 3415 sed
844 3351 907 3415 hac
923 3361 1037 3416 tamen
1054 3352 1180 3436 legent
1203 3372 1302 3436 agere
1317 3351 1484 3416 intermit-

200 3433 330 3486 temporum
454 3458 461 3472 .
548 3457 556 3472 .
814 3455 821 3470 .
1124 3457 1131 3472 .
1160 3457 1167 3471 .
1260 3457 1267 3470 .
1296 3456 1303 3470 .

200 3487 266 3533 ,Δία
275 3499 351 3532 serve-
376 3466 427 3523 tat
451 3458 636 3521 rdentrdem
668 3466 702 3520 et
724 3465 923 3538 acquiescat.
956 3455 1010 3520 De
1036 3457 1236 3539 quotidiano
1258 3465 1359 3539 rgrtur
1381 3474 1485 3538 opere

200 3550 249 3591 Μ·
375 3561 559 3626 videndum
590 3578 633 3622 ne
674 3559 707 3623 in
743 3558 854 3642 plures
888 3560 1086 3624 extrahatur
1120 3560 1228 3637 horas,
1261 3579 1363 3644 quam
1387 3561 1485 3636 vires,

376 3663 498 3727 sinant.
522 3658 702 3725 Intervalla
735 3679 814 3724 vero
844 3661 1038 3743 quiescendi
1062 3674 1190 3746 quanta
1223 3683 1295 3727 esse
1327 3671 1484 3746 oporteat

377 3787 421 3830 ex
437 3767 529 3830 vario
544 3783 665 3848 genere
679 3765 798 3846 operis,
823 3784 868 3826 ex
884 3766 1050 3830 adiunctis
1066 3776 1256 3849 temporum
1272 3775 1307 3832 et
1323 3766 1486 3845 locorum,

212 3903 264 3961 ouo
274 3903 353 3962 mgis
376 3886 421 3932 ex
437 3869 510 3951 ipsa
525 3867 684 3951 opificum
700 3866 893 3932 valetudine
915 3868 1141 3934 iudicandum.
1158 3869 1310 3953 Quorum
1326 3879 1378 3935 est
1396 3890 1486 3953 opus

201 3963 328 4008 mm
343 3986 352 3997 ·
377 3968 524 4053 lapidem
539 3991 559 4035 e
574 3981 662 4036 terra
675 3971 864 4048 excindere,
880 3982 939 4036 aut
954 3972 1086 4052 sermm,
1101 3993 1167 4050 aes,
1176 3973 1308 4056 aliaque
1326 3973 1360 4037 id
1376 3993 1486 4056 genus

201 4021 242 4068 ior
262 4027 302 4074 est,
328 4035 352 4066 co

199 4081 350 4200 mm·
379 4073 524 4139 effodere
540 4073 673 4156 penitus
688 4073 814 4151 abdita,
840 4094 956 4140 eorum
972 4075 1076 4153 labor,
1091 4078 1171 4159 quia
1187 4077 1295 4141 multo
1310 4078 1418 4141 maior
1433 4087 1488 4142 est

407 4331 428 4366 1.
443 4318 583 4371 Exod.‚xx.
598 4321 618 4364 8,
632 4341 661 4350 -
671 4329 692 4362 2.
705 4317 771 4369 Gen..
786 4327 813 4370 n,
827 4332 847 4364 2.
