3354 4938
396 218 468 288 226
571 236 720 290 crassa.
739 237 869 290 rrosr.
891 224 913 254 “
932 235 1013 290 uou
1033 235 1152 290 uaros
1171 234 1285 290 uoars
1304 271 1324 302 ‚‚

391 411 574 496 praebuere
590 412 766 498 Evangelii
782 412 924 494 nunciis,
947 411 1040 478 utin
1070 411 1275 496 Legatorum
1298 413 1357 498 qui
1372 413 1415 480 ad
1439 433 1503 496 pu·

391 515 495 582 blicas
517 517 690 600 pactiones
717 517 881 583 ineundas
907 517 1001 582 missi
1026 515 1158 582 fuerant
1181 515 1337 582 clientela
1363 529 1398 583 et
1424 518 1502 599 fide,

390 619 560 703 regionem
590 619 698 703 ipsam
724 629 873 686 veterum
916 618 1084 686 sodalium
1120 620 1270 705 vestigiis
1300 620 1500 704 impressam

390 725 602 809 attingerent
635 725 760 790 Rerum
784 725 922 809 quidem
952 725 1049 790 initia
1077 725 1159 809 ipsis
1185 724 1286 809 plena
1315 727 1444 810 negotii
1466 741 1503 798 et

389 828 1159 1015 stisttltltttllaitttt
1177 837 1346 1010 itt‘t
1363 828 1503 1003 ‘ult

215 977 365 1083 mm:
389 1033 549 1099 vicariatu
570 1033 773 1118 Apostolico
788 1053 833 1099 ex
856 1033 1027 1098 sententia
1050 1034 1134 1099 sacri
1157 1033 1298 1100 Consilii
1321 1033 1399 1099 fidei
1422 1059 1501 1121 pro·

211 1097 365 1201 {illm
389 1139 566 1222 pagaudae
589 1139 680 1222 apud
708 1138 868 1221 Iaponios
898 1137 1141 1203 constituendo
1162 1138 1375 1206 deterrerent.
1400 1139 1501 1210 Haec

214 1219 242 1259 ‘²'
389 1241 511 1305 vicaria
526 1242 724 1326 procuratio,
739 1241 906 1325 simulque
923 1241 1124 1326 episcopalis
1140 1241 1286 1325 dignitas
1302 1240 1501 1324 Augustino

234 1373 366 1434 curpmfi.
388 1344 539 1411 Forcade
560 1345 725 1411 sacerdoti
741 1365 759 1409 e
774 1345 954 1410 seminario
972 1343 1154 1409 Parisiensi
1177 1345 1222 1408 ab
1244 1345 1369 1408 exteris
1392 1364 1500 1432 expe.

211 1433 366 1553 mnf*
388 1446 572 1514 ditionibus
598 1469 689 1514 anuo
707 1451 790 1529 1846
803 1448 1014 1514 demandata
1029 1448 1102 1527 luit,
1119 1449 1216 1532 eique
1231 1467 1353 1512 munus
1368 1449 1498 1532 datum,

215 1552 326 1598 Fusa&-
388 1558 426 1616 ut
442 1571 599 1616 unacum
624 1552 834 1618 adiutoribus
858 1553 926 1616 suis
943 1573 1012 1618 oon
1036 1552 1141 1618 modo
1156 1553 1190 1616 in
1207 1550 1349 1634 Iaponia
1364 1552 1498 1622 insulis·

387 1673 453 1739 que
467 1655 694 1733 conterminis,
704 1657 763 1721 sed
773 1656 876 1722 etiarn
895 1657 929 1720 in
947 1655 1135 1721 Liou-Kou
1150 1655 1199 1740 (id
1216 1653 1345 1720 insulae
1356 1659 1499 1743 nomen)

388 1777 458 1822 rem
489 1757 703 1823 christianam
734 1759 992 1824 administraret.
1019 1759 1133 1824 Plures
1166 1757 1326 1822 obstitere
1357 1776 1499 1826 caussae

388 1861 568 1944 quominus
594 1863 666 1946 ipse
692 1861 806 1929 delato
829 1883 970 1930 munere
990 1861 1084 1947 iungi
1108 1871 1230 1945 posset,
1260 1861 1319 1926 sod
1346 1861 1500 1946 collegae

389 1964 460 2029 eius
484 1965 652 2030 seminarii
680 1967 874 2032 Parisiensis
901 1968 1093 2032 sacerdotes
1112 1965 1319 2050 propositam
1336 1984 1416 2030 suae
1431 1968 1497 2034 vir·

389 2072 454 2135 tuti
469 2069 679 2135 occasionem
695 2069 849 2137 alacriter
864 2071 1041 2156 arripuere,
1062 2079 1163 2151 atque
1178 2067 1211 2134 in
1228 2067 1291 2132 hac
1306 2069 1354 2133 uti
1371 2069 1404 2134 iu
1420 2071 1498 2137 aliis

347 2193 349 2196 ·
390 2173 663 2258 expeditionibus
689 2173 736 2238 ita
762 2173 873 2257 plures
899 2192 1006 2238 annos
1032 2175 1154 2238 versati
1169 2181 1258 2250 sunt,
1272 2182 1309 2237 ut
1325 2174 1498 2258 praeclara

231 2311 367 2358 Imm,
390 2295 525 2360 prorsus
551 2275 716 2340 ediderint
740 2295 820 2339 suae
845 2275 982 2357 pietatis
1008 2286 1042 2340 et
1067 2275 1277 2339 constantiae
1304 2275 1435 2357 magnis
1458 2275 1497 2342 in

218 2371 356 2476 ’Ἥξί
392 2380 561 2447 laboribus
585 2389 790 2462 argumenta.
808 2380 990 2463 Praecipue
1014 2399 1093 2444 vero
1120 2379 1253 2444 divinae
1276 2377 1497 2461 benignitatis

217 2431 368 2592 {egimus
392 2483 500 2567 gratia
516 2479 639 2546 effulsit
663 2483 697 2544 in
717 2481 835 2547 illustri
861 2482 1000 2547 alumno
1025 2484 1194 2548 seminarii
1211 2481 1403 2548 Parisiensis
1418 2501 1497 2564 pre·

212 2554 369 2666 Jnffl‘t
393 2589 529 2672 sbytero
545 2585 675 2663 Girard‚
689 2589 746 2670 qui
762 2588 873 2652 stabili
894 2587 973 2653 sede
989 2589 1075 2653 inter
1090 2587 1250 2670 Iaponios
1266 2587 1384 2669 posita,
1395 2586 1435 2650 iis
1450 2587 1497 2654 ad

220 2665 320 2713 ΨΜ·
394 2689 564 2758 Christum
580 2689 801 2772 adiungendis
817 2691 1026 2773 superiorum
1044 2691 1195 2755 omnium
1214 2691 1342 2774 primus
1357 2689 1499 2757 feliciter

394 2793 589 2860 adlaborare
615 2793 733 2875 potuit,
753 2795 845 2858 cuius
863 2795 909 2858 rei
924 2813 1044 2859 caussa
1059 2795 1102 2859 ab
1118 2793 1317 2877 Apostolica
1332 2793 1396 2856 hac
1410 2793 1502 2860 Sede

392 2893 581 2981 pro-vicarii
591 2914 713 2960 nomen
726 2905 759 2960 et
770 2905 975 2980 potestatem
989 2897 1127 2981 accepit
1139 2897 1167 2960 F
1167 2896 1271 2962 austis
1284 2895 1341 2959 ille
1351 2897 1500 2979 quidem,

391 3009 464 3066 tum
479 2999 542 3063 sibi
554 3007 626 3063 tum
640 2999 801 3082 Iaponiae
810 3000 914 3083 genti,
929 3000 1127 3084 laponicum
1140 2999 1249 3066 solum
1261 3001 1375 3084 attigit
1387 3008 1499 3090 auspi·

390 3105 451 3168 ciis
466 3125 474 3184 ;
488 3122 635 3186 namque
650 3113 687 3168 ut
703 3103 782 3168 olim
799 3103 835 3170 S.
852 3105 1052 3169 Franciscus
1078 3105 1243 3170 Xaverius
1266 3105 1321 3169 die
1343 3119 1502 3190 receptae

391 3209 425 3275 in
447 3208 577 3274 caelum
601 3209 768 3292 Deiparae
790 3229 895 3287 sacro,
922 3211 970 3276 sic
987 3211 1059 3293 ipse
1075 3211 1239 3294 Iaponem
1256 3211 1423 3294 ingressus
1445 3228 1500 3284 est

389 3330 479 3378 anuo
495 3311 593 3376 huius
608 3311 731 3378 saeculi
747 3323 867 3396 quarto
883 3323 917 3378 et
933 3315 1221 3398 quinquagesimo,
1243 3334 1312 3398 quo
1335 3315 1499 3387 immacu·

390 3413 449 3480 lati
465 3415 633 3497 Deiparae
656 3425 839 3499 conceptus
860 3416 968 3500 gloria
992 3436 1149 3500 supremo
1175 3418 1356 3501 magistero
1381 3420 1499 3491 deces.

390 3517 473 3582 soris
488 3517 604 3582 Nostri
617 3519 667 3582 Pii
684 3519 736 3583 IX
748 3528 946 3584 consecrata
963 3529 997 3584 et
1014 3519 1181 3585 catholico
1189 3521 1261 3586 orbi
1273 3522 1503 3610 promulgata,

389 3620 532 3685 universi
548 3619 719 3686 christiani
735 3623 850 3705 populi
866 3624 999 3687 animos
1023 3623 1056 3687 in
1087 3625 1185 3688 unius
1212 3623 1288 3690 fidei
1313 3625 1440 3707 pietate
1462 3642 1501 3698 et

388 3723 550 3808 obsequio
565 3724 751 3789 coniunxit.
766 3725 838 3788 Nec
855 3725 957 3807 longe
975 3726 1020 3791 ab
1037 3744 1078 3790 eo
1094 3734 1254 3812 tempore,
1276 3746 1344 3810 quo
1366 3727 1438 3812 ipse
1462 3734 1499 3800 in

389 3827 531 3912 Iaponia
546 3827 705 3906 constitit,
720 3827 802 3892 ritus
818 3836 853 3891 et
867 3847 962 3892 sacra
977 3828 1165 3894 catholicae
1180 3827 1348 3913 religionis
1362 3831 1397 3895 in
1407 3834 1501 3900 sedi·

386 3931 450 3996 bus
465 3931 642 4015 legationis
659 3929 807 3996 Gallicae
823 3931 917 3996 obire
934 3931 1067 4012 publice
1083 3933 1213 4016 coepit:
1228 3933 1351 4000 deinde
1362 3934 1395 3997 in
1412 3937 1498 4006 urbe

386 4032 590 4098 Yokoharna
616 4033 760 4116 primum
786 4013 863 4096 Deo
886 4051 965 4097 vero
991 4033 1165 4116 templum,
1189 4035 1279 4116 quod
1312 4035 1496 4118 Iaponicae

386 4135 505 4218 pietati
530 4135 757 4218 gratissimum
785 4135 917 4212 accidit,
943 4136 1136 4201 dedicatum
1166 4147 1226 4215 est,
1250 4138 1355 4203 tribus
1381 4157 1496 4221 poene

387 4237 527 4304 saeculis
543 4238 664 4322 elapsis
680 4258 724 4304 ex
740 4260 808 4323 quo
823 4239 988 4304 catholica
1004 4240 1121 4324 religio
1145 4260 1163 4304 e
1190 4241 1329 4325 Iaponia
1352 4241 1493 4310 exulare
