3364 4928
252 304 306 354 DE
323 304 510 356 COLLEGIO
529 303 775 356 BOHEMORUM
794 305 836 354 IN
856 303 958 356 URBE
977 302 1197 355 CONDENDO.
1260 305 1280 378 5

169 468 343 552 religionis
359 470 527 553 impensas
542 471 736 546 constituto,
752 472 785 535 in
802 471 953 555 singulos
980 472 1133 537 alumnos
1160 493 1281 556 suppe-
1377 494 1391 527 1

170 572 311 651 ditatur,
327 574 400 638 Nos
416 585 587 656 praeterea
603 576 802 640 auctoritate
828 577 955 640 Nostra
970 576 1156 641 addicimus
1173 577 1281 642 Bohe-

170 697 306 742 morum
322 678 465 762 collegio
474 689 508 742 et
524 679 557 742 in
574 692 773 764 perpetuum
792 680 1007 745 attribuimus
1024 680 1148 745 reditus
1164 701 1282 745 omnes
1418 750 1423 762 ,

169 792 207 844 et
223 781 306 858 iura,
320 801 407 864 quae
422 782 542 845 domus
567 791 645 846 sunt
661 803 681 846 a
697 781 820 848 Carolo
843 783 895 846 IV
923 783 1106 848 Bohemiae
1130 784 1225 867 Rege
1248 796 1282 849 et
1308 752 1464 857 ffissffim

173 883 410 948 Romanorum
427 884 635 968 Imperatore
650 885 684 948 in
701 885 884 968 hospitium
903 888 1128 952 Bohemorum
1145 888 1178 952 in
1193 889 1283 966 urbe,
1309 871 1450 975 232⁴ssss

172 986 508 1053 vicoCaesarinorum
523 989 603 1052 olim
621 991 788 1070 conditae,
814 993 857 1056 ad
883 993 973 1075 quod
995 1011 1101 1074 genus
1131 994 1285 1076 pertinet,
1311 989 1341 1060 t?
1363 989 1466 1059 pontefi-

172 1101 249 1154 tum
279 1111 392 1154 annua
422 1091 564 1174 pecunia
592 1092 832 1158 Barberlniana
870 1103 1076 1158 scutatorum
1109 1095 1284 1158 nummum
1308 1062 1434 1168 ssanlffsss

172 1196 348 1277 sexaginta
362 1193 471 1260 eidem
501 1195 649 1278 hospitio
665 1195 787 1280 legata,
812 1204 883 1261 tum
915 1216 1049 1262 summa
1078 1161 1285 1261 scutatolum

175 1301 354 1362 nummum
369 1297 577 1363 ducentorum
601 1320 622 1363 a
643 1296 820 1364 Pontificio
842 1299 969 1364 Nostro
985 1299 1151 1363 datariatu
1168 1297 1287 1362 annuis

176 1400 396 1482 pensionibus
406 1400 634 1484 persolvenda.
719 1471 721 1476 ,

219 1501 307 1568 Cum
325 1523 423 1586 porro
438 1504 623 1568 rationibus
648 1503 695 1567 rei
720 1503 891 1568 familiaris
907 1503 1051 1587 collegii,
1066 1504 1285 1587 amplioribus

172 1607 333 1671 subsidiis
348 1607 475 1672 consuli
492 1616 646 1690 oportere
676 1606 912 1690 intelligamus,
928 1609 961 1672 in
979 1608 1064 1672 hanc
1081 1629 1150 1673 rem
1168 1627 1286 1672 omnes

173 1732 262 1794 quas
277 1731 455 1794 possumus
471 1732 566 1775 curas
582 1711 671 1775 ultro
693 1710 914 1788 conferemus,
927 1712 1010 1777 nihil
1028 1713 1221 1777 dubitantes
1244 1712 1288 1775 de
1350 1770 1469 1816 Ceterum

171 1816 348 1878 communi
364 1814 546 1879 Bohemiae
562 1813 765 1878 Antistitum
782 1813 815 1878 in
833 1835 902 1879 rem
920 1817 1075 1880 eamdem
1091 1817 1213 1894 studio,
1229 1819 1286 1899 qul
1314 1827 1450 1874 liberalitas

173 1919 281 2001 probe
309 1929 430 1983 norunt
460 1929 622 2002 quantam
648 1918 831 1984 utilitatum
860 1929 1009 2003 segetem
1027 1921 1109 1984 haec
1125 1920 1287 1986 clericalis
1314 1889 1468 1993 mida

174 2025 305 2090 ordinis
320 2024 486 2106 palaestra
501 2021 534 2085 in
552 2023 633 2086 urbe
649 2023 842 2102 constituta,
857 2023 938 2107 ipsis
961 2025 995 2088 in
1021 2043 1102 2108 agro
1118 2026 1288 2092 dominico
1314 2021 1328 2053 ⁰
1336 2008 1465 2127 sssmffm

179 2128 371 2192 excolendo
387 2125 530 2191 allatura
541 2127 594 2191 sit.

222 2231 324 2297 Certa
361 2239 473 2295 autem
504 2240 538 2293 et
568 2229 746 2312 explorata
778 2251 838 2313 spe
869 2231 1035 2310 ducimur,
1060 2233 1289 2302 adnitentibus

179 2335 426 2420 Episcoporum
442 2332 539 2410 curis,
550 2332 640 2417 piam
657 2334 892 2399 liberalitatem
909 2337 1132 2419 copiosiorum
1146 2358 1165 2400 c
1182 2337 1288 2402 Bohe-

180 2440 250 2502 mia
265 2439 387 2503 civium
403 2437 480 2502 huic
496 2436 632 2502 salutari
659 2438 751 2521 operi
783 2456 850 2502 non
868 2436 1069 2516 defuturam,
1084 2441 1127 2504 ad
1144 2442 1234 2522 quod
1251 2441 1288 2504 li·

175 2542 362 2606 ber-alitatis
386 2561 492 2625 genus
515 2541 681 2624 optimum
698 2560 876 2624 quemque,
889 2535 954 2606 Dei
980 2541 1107 2625 gloriae
1131 2544 1291 2622 studium,

179 2645 351 2729 religionis
365 2665 460 2724 amor
469 2655 503 2709 et
515 2644 643 2727 patriae
654 2645 777 2708 caritas
789 2644 871 2708 satis
887 2644 1072 2712 hortantur.

222 2750 319 2814 Haec
334 2747 499 2825 volumus,
513 2747 691 2812 statuimus
707 2757 809 2830 atque
825 2749 997 2828 edicimus,
1021 2750 1238 2816 decernentes
1252 2761 1288 2815 ut

178 2855 247 2918 hae
262 2855 392 2921 litterae
407 2853 553 2919 Nostrae
569 2849 684 2916 firmae
700 2861 869 2934 rataeque,
884 2853 933 2917 uti
950 2864 1037 2930 sunt,
1056 2853 1104 2918 ita
1120 2854 1153 2918 in
1178 2865 1289 2937 poste·

173 2979 250 3022 rum
267 2967 506 3042 permaneant:
523 2956 651 3020 irritum
669 2962 781 3018 autem
799 2963 832 3018 et
848 2955 948 3020 inane
975 2955 1124 3020 futurum
1140 2958 1289 3021 decerni·

180 3083 266 3140 mus,
279 3065 306 3127 si
319 3063 399 3146 quid
409 3081 509 3144 super
517 3059 570 3123 his
582 3077 781 3140 aquoquam
805 3057 985 3141 contigerit
1002 3059 1184 3124 attentari:
1214 3079 1293 3123 con-

177 3166 289 3229 trariis
308 3165 577 3248 quibuscumque
590 3179 657 3224 non
668 3157 892 3226 obstantibus.

222 3266 354 3332 Datum
386 3268 517 3331 Rornae
541 3263 631 3346 apud
664 3261 698 3328 S.
723 3263 858 3328 Petrum
891 3266 953 3330 sub
984 3267 1085 3331 anulo
1117 3265 1292 3330 Piscatoris

174 3374 233 3436 die
253 3391 265 3436 1
296 3372 438 3436 lanuarii
460 3374 553 3450 1890,
571 3365 788 3433 Pontificatus
805 3367 919 3432 Nostri
937 3390 1025 3434 anno
1042 3369 1251 3434 duodecimo.

631 3492 678 3619 ll.
695 3552 810 3619 Cano.
831 3553 1207 3621 LEDOCHOWSKI.

621 3885 868 4192 &p
