3364 4928
402 280 445 349 14
489 279 637 332 marna.
659 281 817 333 encrcr.
841 269 862 299 “
881 283 1107 335 sarmarum
1125 285 1384 336 cunrsrrrum:
1402 321 1424 350 ‚,

220 454 370 573 ᾳὲξῶῑνζζ
395 455 520 524 utiliter
530 460 732 525 satisfacturi
747 469 835 538 sunt,
847 461 874 524 si
890 460 946 526 alii
961 481 1110 526 seorsum
1134 461 1178 526 ab
1193 462 1267 527 aliis
1284 462 1316 526 in
1333 471 1503 526 certamen

217 573 350 642 meamne
394 559 638 629 descenderint.
654 601 697 613 -
714 564 877 629 Futurum
905 584 986 629 sane
1002 565 1111 630 IESUs
1128 564 1319 632 CHRISTUS
1338 563 1505 648 significa·

217 632 351 678 ‘mmm'
394 663 453 740 vit,
468 676 506 730 ut
528 687 629 750 quarn
650 668 722 751 ipse
737 667 955 732 offensionem
981 671 1156 734 hominum
1173 672 1401 754 invidiamque
1417 670 1508 754 prior

258 793 371 838 coron,
395 769 540 853 excepit,
554 771 588 834 in
606 773 760 836 eamdem
787 773 858 856 pari
875 773 978 839 modo
993 793 1078 857 opus
1094 795 1115 838 a
1130 794 1166 838 se
1189 775 1381 840 institutum
1398 775 1507 838 incur·

220 851 371 956 ffmhf‘bjj]
397 882 504 953 reret;
525 873 573 938 ita
595 873 695 957 plane
722 887 759 939 ut
779 876 822 940 ad
847 877 989 941 salutem
1015 880 1197 960 pervenire,
1212 879 1317 962 ipsius
1343 877 1509 942 beneficio

218 970 371 1074 ‘mffl‘jg
397 987 538 1059 partam,
568 979 664 1044 multi
696 1000 813 1062 reapse
850 981 1112 1064 prohiberentur.
1144 983 1257 1067 Quare
1294 982 1400 1047 voluit
1438 1002 1507 1047 non

217 1029 322 1140 mam.
339 1089 374 1135 aa
398 1076 554 1143 alumnos
566 1081 748 1145 dumtaxat
759 1081 932 1146 instituere
948 1084 1144 1167 disciplinae
1159 1105 1248 1161 suae,
1263 1085 1321 1148 sed
1338 1085 1400 1148 hos
1417 1084 1509 1167 ipsos

215 1148 371 1277 ᾌΓΞΪἪ.
399 1182 560 1247 societate
571 1184 782 1268 coniungere,
792 1195 825 1250 et
836 1185 870 1249 in
887 1205 990 1251 unum
1002 1208 1132 1270 corpus,
1146 1188 1234 1272 quod
1245 1187 1510 1268 cstEcclesia(¹),

213 1270 372 1386 {ssjff‘ffi‘
397 1284 492 1350 cuius
506 1297 594 1350 esset
621 1288 692 1370 ipse
718 1297 829 1370 caput,
844 1297 924 1371 apte
950 1302 1195 1373 coagmentare.
1212 1293 1365 1356 Permeat
1393 1291 1510 1373 itaque

218 1384 296 1430 ’Μ
395 1389 465 1454 vita
481 1390 640 1456 CHRISTI
658 1391 746 1456 IESU
772 1411 832 1474 per
858 1401 965 1457 totam
990 1415 1190 1478 compagem
1212 1395 1369 1479 corporis,
1385 1394 1445 1458 alit
1467 1413 1509 1457 ac

399 1503 565 1560 sustentat
588 1495 720 1578 singula
737 1495 897 1574 membra,
911 1517 1019 1581 eaque
1034 1498 1193 1581 copulata
1208 1509 1300 1566 tenet
1320 1500 1408 1563 inter
1422 1519 1459 1562 se
1474 1508 1510 1564 et

395 1599 438 1662 ad
461 1600 618 1664 eumdem
640 1599 827 1682 composita
843 1599 954 1678 linem,
969 1602 1122 1684 quamvis
1140 1623 1206 1666 non
1224 1604 1342 1668 eadem
1359 1602 1403 1666 sit
1418 1601 1509 1666 actio

395 1702 603 1785 singulorum
620 1705 672 1788 (⁹).
689 1704 753 1767 His
769 1705 812 1768 de
837 1707 962 1770 caussis
980 1727 1046 1771 non
1073 1707 1175 1772 modo
1191 1707 1338 1790 perfecta
1364 1709 1510 1771 societas

233 1841 371 1890 Haesere
397 1805 548 1871 Ecclesia
568 1817 628 1886 est,
654 1817 688 1872 et
712 1808 778 1872 alia
799 1808 949 1892 qualibet
976 1809 1137 1873 societate
1153 1809 1253 1892 longe
1276 1809 1511 1893 praestantior,

220 1901 370 1970 “sfit'sm
395 1911 454 1977 scd
471 1909 535 1974 hoc
552 1911 581 1974 ei
597 1921 648 1976 est
659 1912 802 1976 inditum
819 1912 864 1976 ab
879 1914 1030 1978 Auctore
1045 1934 1107 1978 suo
1124 1925 1160 1978 ut
1175 1915 1299 1979 debeat
1322 1934 1383 1996 pro
1399 1911 1510 1977 salute

218 1966 370 2090 immani·
398 2015 529 2097 generis
544 2013 682 2080 humani
698 2019 902 2081 contendere
922 2027 960 2081 nt
976 2027 1160 2082 castrorum
1180 2017 1264 2082 occ‘es
1285 2017 1440 2081 ordinata
1456 2015 1508 2098 (³).

220 2092 369 2184 amem
398 2117 469 2181 lsta
485 2119 531 2183 rei
542 2118 743 2183 christianae
755 2121 957 2202 compositio
972 2121 1263 2203 conlormatio'que
1276 2120 1397 2184 mutari
1415 2119 1510 2184 nullo

396 2222 499 2287 modo
514 2232 649 2306 potest:
664 2243 726 2286 nec
742 2223 849 2305 magis
865 2224 976 2288 vivere
991 2223 1153 2288 arbitratu
1169 2223 1231 2288 siro
1246 2225 1407 2308 cuiquam
1424 2223 1512 2298 licet,

400 2338 458 2391 aut
475 2345 560 2402 earn,
574 2345 661 2407 quae
679 2325 742 2389 sibi
766 2324 878 2405 libeat,
893 2328 1086 2392 decertandi
1112 2330 1275 2391 rationem
1302 2326 1511 2392 consectari:

404 2437 580 2512 propterea
605 2428 871 2512 quoddissipat,
887 2450 954 2493 non
979 2430 1116 2513 colligit,
1131 2431 1190 2512 qui
1214 2449 1290 2494 cunr
1308 2429 1460 2494 Ecclesia
1476 2438 1511 2494 et

400 2531 489 2596 IESU
516 2529 685 2595 CHRISTO
716 2550 782 2595 non
812 2530 951 2614 colligit,
979 2534 1218 2615 verissimeque
1248 2547 1364 2597 contra
1396 2533 1510 2596 Deum

394 2636 612 2714 contendunt,
631 2638 835 2720 quicumque
851 2657 917 2702 non
934 2658 1010 2702 cum
1027 2639 1101 2721 ipso
1126 2638 1344 2722 Ecclesiaque
1367 2649 1508 2703 conten·

394 2742 478 2805 dunt
490 2739 544 2824 (⁴).

218 2832 369 2938 adsif'jx
443 2843 501 2907 Ad
513 2842 600 2907 hanc
611 2861 690 2906 vero
701 2843 972 2908 coniunctionem
983 2845 1172 2909 animorum
1184 2844 1508 2928 similitudinemque

218 2951 302 2997 cordia
319 2966 371 2997 κη·
398 2945 531 3030 agendi,
546 2944 689 3008 inimicis
704 2945 859 3010 catholici
876 2946 1021 3010 nominis
1037 2965 1104 3010 non
1120 2945 1192 3010 sine
1207 2967 1324 3010 caussa
1344 2946 1507 3011 formido·

217 3015 360 3066 ‘mmm'
396 3051 512 3128 losarn,
523 3049 668 3132 primum
684 3048 835 3113 omnium
851 3051 1031 3114 concordia
1054 3058 1105 3114 est
1121 3051 1306 3114 necessaria
1321 3049 1505 3115 sententia·

397 3173 482 3219 rum:
492 3153 535 3218 ad
544 3171 645 3235 quam
657 3151 764 3234 ipsam
776 3153 928 3217 videmus
940 3153 1080 3218 Paulum
1091 3152 1299 3237 Apostolum
1312 3154 1507 3219 Corinthios

394 3255 626 3321 cohortantem
642 3253 832 3319 vehementi
845 3256 1001 3320 studioet
1017 3255 1177 3339 singulari
1194 3255 1359 3338 gravitate
1385 3255 1505 3320 verbo-

283 3371 369 3431 dequa
396 3379 469 3424 rum
484 3384 492 3424 :
509 3358 642 3423 Obsecro
664 3366 773 3422 autem
798 3359 1009 3439 confratres,
1027 3371 1091 3442 per
1104 3379 1217 3422 nomen
1233 3357 1375 3422 Domini
1401 3361 1509 3424 nostri

218 3428 322 3477 ''⁰⁸“st
394 3461 468 3524 Iesu
497 3458 631 3537 coristi,
655 3469 694 3523 ut
722 3460 864 3543 idrpsum
879 3461 998 3525 dz'catis
1021 3483 1137 3538 omnes,
1152 3471 1185 3526 et
1204 3483 1268 3524 non
1283 3461 1399 3525 sintin
1415 3463 1507 3527 vobis

393 3563 593 3628 schismata:
606 3561 682 3626 sitis
695 3573 812 3638 autem,
824 3563 964 3645 pcrfuti
977 3563 1013 3625 in
1027 3563 1134 3627 eodem
1157 3584 1252 3626 sensu
1278 3570 1311 3626 et
1332 3563 1367 3626 in
1391 3565 1504 3629 eadem

268 3681 369 3728 Princi-
393 3667 550 3733 sententia
560 3665 611 3750 (⁵).
627 3701 670 3714 —
686 3664 789 3730 Cuius
802 3665 971 3749 praecepti
1000 3665 1096 3729 facile
1111 3664 1275 3747 sapientia
1292 3667 1504 3748 perspicitur.

213 3749 369 3847 Zmarr-
396 3774 459 3838 Est
474 3771 563 3836 enirn
578 3770 778 3854 principium
796 3771 918 3852 agendi
936 3789 1050 3833 mens:
1066 3770 1209 3850 ideoque
1226 3789 1287 3831 nec
1318 3789 1503 3852 congruere

393 3876 593 3949 voluntates
610 3894 672 3938 nec
699 3872 824 3936 similes·
851 3892 924 3935 esse
950 3872 1092 3935 actionis
1107 3881 1244 3953 queunt,
1260 3872 1287 3934 si
1305 3883 1435 3936 mentes
1451 3873 1502 3937 di·

425 4042 445 4074 1.
456 4027 560 4078 Coloss.
569 4035 586 4079 t,
599 4039 635 4082 ²4·
648 4049 678 4060 —-
688 4039 710 4071 2.
723 4025 796 4070 Sicut
805 4026 870 4070 enim
882 4025 909 4070 in
921 4039 970 4070 uno
979 4031 1074 4084 corpore
1084 4025 1161 4088 mplto
1174 4025 1277 4069 mencbra
1287 4023 1406 4076 habemus,
1418 4027 1504 4071 ornnia

392 4109 474 4150 aulem
492 4103 596 4149 membra
613 4117 661 4147 non
675 4103 783 4148 eumdem
799 4107 881 4148 actum
898 4101 1001 4148 habent:
1025 4101 1062 4146 ilo
1080 4100 1155 4146 inulti
1173 4115 1249 4146 unum
1267 4107 1352 4159 corpus
1371 4114 1455 4145 sunus
1473 4102 1503 4146 iu

395 4181 498 4232 Christo.
510 4179 607 4240 singuli
616 4184 697 4224 autem
707 4180 772 4224 aller
781 4177 1003 4225 atteriusmembra.
1019 4177 1100 4229 Rom..
1113 4185 1161 4230 xil,
1173 4189 1194 4233 4,
1208 4188 1228 4234 5.
1241 4199 1270 4209 —
1278 4189 1300 4234 3.
1313 4175 1418 4228 cantic..
1431 4186 1468 4228 vl,
1477 4191 1500 4236 ᾳ

392 4283 422 4292 -
431 4272 453 4316 4,
468 4257 519 4315 Qui
536 4270 584 4302 non
595 4261 630 4301 est
638 4268 736 4309 mum,
755 4259 839 4301 contra
858 4269 893 4300 me
909 4259 942 4299 est
956 4269 965 4300 .·
982 4259 1006 4301 et
1020 4253 1065 4314 qui
1082 4268 1129 4298 non
1145 4253 1241 4310 colligit
1257 4265 1354 4312 mecqm,
1373 4251 1498 4313 dispergit.

395 4333 464 4385 Luc..
477 4340 515 4384 xt,
527 4343 565 4389 23·
577 4342 638 4388 —5.
653 4330 663 4374 1
676 4329 743 4380 Cor..
758 4340 775 4382 r,
789 4343 824 4376 ro
