3352 4926
462 267 534 358 258
562 287 742 340 nmsronn
762 273 782 304 ‘¹
800 287 1008 342 srucutnm
1026 287 1106 340 cunr
1125 287 1421 342 nnunvonnurrn
1436 325 1459 355 ‚,

458 471 515 538 dia
531 472 564 536 in
580 471 712 536 diversa
727 470 874 548 trahunt,
895 471 1005 534 omnis
1020 470 1237 535 dissensionis
1260 491 1329 536 vox
1352 470 1559 544 conticescat,

459 584 560 658 atque
571 575 723 641 omnium
735 595 793 640 cor
805 593 909 639 unum
921 574 965 639 sit
976 583 1010 638 et
1022 574 1136 639 anima
1147 593 1225 652 una,
1239 594 1344 658 quum
1356 577 1400 640 de
1415 574 1455 638 iis
1466 573 1558 639 bonis

458 679 592 744 tuendis
615 679 725 762 agitur
739 679 860 763 quibus
876 679 1005 762 patriae
1020 677 1110 742 salus
1130 689 1163 744 et
1183 679 1353 763 religionis
1368 681 1470 744 decus
1485 697 1559 742 con·

221 771 225 786 '
280 763 433 880 mmm
458 784 589 849 tinetur.
605 823 650 834 -
664 782 744 868 Quo
759 783 886 848 firmius
906 803 985 847 vero
1006 784 1088 848 haec
1104 784 1282 850 concordia
1298 794 1430 850 constet
1445 803 1559 868 perop-

278 885 394 939 im‘ll‘J
457 899 638 973 portunum
653 887 760 952 Nobis
776 887 908 954 videtur
917 887 1036 952 breves
1048 889 1213 971 quasdam
1229 888 1406 972 designare
1421 907 1560 962 normas.

279 940 396 988 Societatr‘

278 1002 401 1068 catolicae
454 995 580 1075 quaesi
596 993 774 1075 diligenter
788 1001 942 1058 servatae
956 990 1080 1056 luerint
1091 1011 1113 1054 a
1124 992 1284 1057 societate
1299 1001 1419 1072 vestra,
1434 991 1559 1076 duplex

272 1065 411 1168 mii}
453 1096 562 1159 eidem
575 1095 731 1160 obveniet
743 1097 880 1161 utilitas.
894 1093 1051 1178 Namque
1065 1103 1100 1159 et
1116 1093 1236 1158 liberas
1252 1097 1378 1180 poterit
1392 1096 1559 1178 explicare

276 1180 388 1286 im,
451 1199 537 1263 vires
552 1200 585 1262 in
603 1199 642 1263 iis
657 1199 757 1262 rebus
772 1198 927 1282 gerendis
951 1217 1039 1281 quae
1064 1198 1186 1262 rationi
1207 1199 1412 1264 conveniunt
1427 1199 1557 1264 institu-

450 1301 551 1366 tionis
566 1323 647 1366 suae
661 1322 701 1366 ac
717 1303 882 1366 sociorum
899 1300 1014 1378 aetati,
1029 1309 1063 1366 et
1078 1301 1258 1367 commode
1281 1303 1413 1386 poterit,
1433 1301 1484 1366 uti
1500 1323 1557 1386 par

449 1413 508 1481 est,
523 1426 625 1488 opera
640 1406 762 1484 iuvare,
778 1405 919 1470 consilio
933 1413 968 1470 et
983 1405 1092 1488 gratia
1107 1405 1151 1469 ad
1169 1404 1295 1469 maiora
1311 1405 1444 1488 incepta
1460 1403 1555 1488 perii·

447 1507 566 1573 cienda
577 1509 755 1574 societates
771 1508 854 1573 alias
870 1509 903 1572 in
918 1527 1003 1591 quas
1019 1507 1151 1580 coivere
1166 1506 1335 1590 perfectae
1350 1509 1472 1574 aetatis
1488 1507 1554 1572 viri.

322 1601 421 1648 [ΝΜ
448 1610 522 1674 Has
537 1612 624 1676 inter
639 1611 775 1677 excellit
790 1612 934 1676 societas
957 1630 1044 1694 quae
1067 1610 1324 1675 aconventibus
1340 1617 1374 1675 et
1390 1611 1553 1675 comitati-

268 1657 409 1708 Societatem

265 1723 418 1826 mm·
445 1714 507 1779 bus
523 1715 697 1780 catholicis
722 1735 845 1780 nomen
872 1714 984 1792 habet,
999 1713 1126 1796 quippe
1151 1732 1238 1796 quae
1253 1733 1316 1797 pro
1331 1713 1554 1795 amplitudine

264 1837 354 1910 aarum
377 1854 415 1910 ⁶⁶:
443 1819 692 1882 constitutionis
704 1839 784 1883 suae
797 1826 830 1882 et
843 1817 959 1882 linium
969 1837 1055 1898 qnos
1068 1817 1171 1882 habet
1180 1819 1381 1900 propositos,
1393 1837 1432 1881 ea
1442 1827 1553 1900 potest

262 1897 358 2002 {w
377 1900 415 1946 ‘'l''
440 1923 578 2004 aggredi
595 1943 737 2006 quorum
759 1923 886 1986 utilitas
901 1921 1023 1985 celsius
1039 1922 1165 1985 eminet
1188 1942 1227 1986 ac
1255 1941 1359 2005 prope
1380 1924 1552 1987 universos

440 2026 585 2108 attingit.
598 2026 705 2110 Atqui
719 2026 816 2090 lacile
828 2024 999 2098 intellectu
1012 2035 1064 2089 est
1079 2027 1276 2090 societatem
1293 2036 1448 2104 vestram,
1463 2047 1550 2110 quae

438 2129 518 2193 solis
532 2139 666 2194 constat
681 2129 857 2194 iuvenibus
873 2129 915 2192 ad
932 2128 1148 2193 christianam
1166 2131 1270 2194 vitam
1288 2130 1492 2209 excolendis,
1504 2130 1546 2194 ad

436 2242 506 2297 tam
523 2235 663 2298 arduum
680 2254 765 2298 onus
787 2233 981 2299 obeundum
1003 2253 1070 2297 non
1095 2253 1168 2298 sese
1193 2233 1363 2317 porrigere
1386 2235 1478 2317 quod
1502 2234 1544 2297 ad

435 2337 617 2420 perlectam
634 2347 779 2403 aetatem
795 2337 957 2419 pertinet;
971 2337 1107 2401 tametsi
1131 2339 1239 2421 possit
1262 2358 1302 2402 ac
1317 2338 1438 2403 debeat
1465 2357 1544 2402 cum

435 2441 508 2504 aliis
524 2441 649 2505 conniti
665 2461 733 2524 quo
748 2442 877 2526 plenior
888 2442 933 2505 sit
948 2441 1142 2506 coniunctio
1157 2451 1192 2506 et
1207 2443 1410 2525 conspiratio
1424 2442 1544 2507 catho-

433 2545 570 2610 licarum
586 2547 717 2624 virium,
733 2567 834 2630 quam
850 2547 970 2611 suadet
986 2545 1114 2611 utilitas
1130 2555 1165 2610 et
1180 2547 1363 2611 necessitas
1377 2547 1496 2631 exigit

288 2653 409 2758 ffletas
479 2649 556 2714 Hoc
571 2650 684 2733 itaque
700 2651 855 2732 primum,
876 2651 998 2732 capitis
1022 2651 1136 2728 instar,
1153 2651 1354 2733 principium
1370 2652 1423 2730 sit,
1437 2651 1543 2716 socie·

252 2725 392 2842 Jivepiiis
432 2763 537 2820 tatem
553 2767 708 2831 vestram,
720 2774 806 2837 quae
822 2755 873 2818 sui
888 2754 969 2818 iuris
984 2764 1019 2819 et
1034 2755 1213 2837 potestatis
1230 2764 1290 2832 est,
1301 2763 1428 2820 statum
1444 2774 1543 2820 suum

257 2845 409 2937 {¹32²ssss
433 2877 564 2923 servare
588 2867 751 2940 oportere,
777 2877 838 2921 nec
865 2857 1051 2942 quidquam
1083 2858 1334 2922 immutandum
1365 2860 1408 2924 de
1438 2859 1543 2940 ipsius

260 2955 322 2997 ml·
433 2961 671 3026 constitutione
681 2972 739 3025 aut
750 2962 996 3026 detrahendum
1009 2963 1052 3027 de
1062 2961 1217 3026 libertate
1233 2962 1355 3046 agendi
1367 2982 1408 3027 ea
1420 2962 1543 3038 omnia,

434 3085 520 3148 quae
549 3065 683 3129 statutis
713 3066 809 3148 queis
839 3067 944 3130 utitur
970 3077 1171 3148 congruunt.
1202 3066 1340 3132 Scilicet
1370 3087 1473 3150 quum
1501 3087 1544 3133 eo

433 3177 562 3251 spectet
577 3168 741 3251 imprimis
756 3168 949 3234 institutum
970 3179 1119 3233 vestrum
1136 3178 1174 3233 ut
1196 3170 1333 3234 iuvenes
1348 3176 1545 3233 assuescant

434 3269 581 3354 profiteri
596 3271 766 3354 impavide
780 3270 982 3336 catholicam
1008 3270 1109 3336 fidem
1130 3281 1165 3336 et
1181 3271 1259 3337 fidei
1279 3280 1543 3336 consentaneam

434 3395 533 3458 agere
544 3374 659 3452 vitam,
670 3383 771 3458 atque
783 3375 830 3439 ita
839 3375 1036 3460 aequalibus
1047 3385 1082 3440 et
1096 3376 1223 3459 populo
1238 3376 1367 3458 praeire
1382 3375 1545 3457 exemplo

285 3510 412 3571 wgo„-
434 3488 472 3544 ut
486 3479 598 3559 vigeat
613 3479 647 3542 in
663 3479 784 3545 anirnis
800 3479 970 3563 religionis
985 3480 1136 3544 studium
1164 3489 1265 3564 atque
1292 3479 1491 3562 obsequium
1510 3479 1542 3541 in

260 3571 412 3687 mim]
434 3582 667 3648 auctoritatem
694 3582 865 3648 Ecclesiae
889 3594 923 3648 et
948 3584 1022 3648 iura
1048 3585 1178 3648 romani
1196 3582 1379 3662 Pontificis‚
1394 3592 1543 3648 vestrum

261 3690 308 3793 qis
341 3690 411 3735 addi·
434 3695 485 3749 est
494 3685 705 3768 potissimum
718 3686 775 3768 (ad
788 3707 828 3751 ea
838 3688 930 3770 quod
942 3687 1065 3753 attinet
1076 3688 1198 3771 quibus
1215 3686 1385 3770 perficitur
1394 3685 1544 3766 animus)

260 3762 307 3799 Μ’
433 3808 552 3853 vacare
565 3788 718 3871 precibus
734 3798 768 3853 et
783 3789 933 3854 studiose
956 3789 1154 3856 christianas
1170 3791 1311 3856 virtutes
1326 3789 1444 3867 colere,
1459 3789 1545 3853 inire

433 3893 576 3958 invicem
603 3901 739 3956 sanctae
763 3900 797 3955 et
820 3895 946 3956 veracis
971 3893 1139 3958 amicitiae
1161 3892 1297 3958 foedera
1321 3902 1356 3957 et
1371 3913 1411 3956 ea
1435 3891 1546 3956 vitare

434 3997 551 4061 sedulo
574 3995 694 4078 quibus
711 3995 828 4078 religio
855 3995 998 4061 laeditur
1013 4006 1072 4062 aut
1087 3997 1297 4062 verecundia
1314 3995 1355 4060 ln
1372 3996 1412 4060 iis
1427 4005 1544 4060 autem

433 4120 519 4184 qnae
536 4099 661 4164 bonum
677 4099 823 4163 alienum
836 4101 1027 4182 respiciunt,
1037 4120 1097 4166 eae
1108 4121 1206 4166 curae
1216 4100 1416 4184 praecipuae
1431 4097 1544 4162 zelum

434 4213 580 4268 vestrum
596 4210 785 4279 exerceant,
800 4212 838 4266 ut
853 4201 947 4268 iestis
962 4204 1080 4269 diebus
1095 4204 1230 4269 debitus
1245 4203 1409 4269 habeatur
1423 4203 1546 4281 honos,

435 4318 472 4372 ut
487 4310 644 4371 decenter
655 4314 688 4370 et
700 4305 866 4388 amplifice
882 4306 965 4373 fiant
980 4327 1066 4392 quae
1081 4311 1123 4373 ad
1139 4308 1266 4372 cultum
1281 4307 1346 4372 Dei
1361 4307 1546 4390 pertinent,
