3352 4926
373 287 444 377 278
729 309 850 358 ntnnx
878 309 1130 362 autenticus,

396 439 398 444 ⁴
411 443 415 472 l

441 533 479 588 ad
489 533 647 604 jubendum
669 534 746 604 quod
759 545 802 590 est
814 533 987 589 contrarium
1007 533 1109 589 rationi
1128 534 1233 590 divinae
1258 545 1285 589 et
1302 552 1415 590 summo

440 615 517 669 bono
530 628 556 682 9.
568 613 732 668 -Civilem
745 615 952 682 auctoritatem,
966 624 996 668 ut
1009 631 1026 667 a
1040 615 1113 682 Deo,
1125 613 1283 670 catholicus
1296 624 1414 682 veretur,

440 709 530 762 usque
555 692 623 747 dum
645 709 703 746 non
729 692 899 747 contradicit
921 693 1082 748 auctoritati
1106 691 1211 748 divinae
1236 707 1309 762 9·10.
1328 693 1416 749 Nulla

439 772 522 840 proin
537 771 648 839 seditio,
668 787 756 842 quum
778 772 856 826 nulla
870 772 909 827 ibi
932 771 1023 842 possit
1036 789 1101 828 esse
1114 787 1182 827 vera
1202 773 1247 826 lex
1267 787 1307 826 to.
1322 773 1415 827 -Ita

440 848 546 904 docent
567 849 710 920 principes
731 851 935 920 Apostolorum
961 866 1003 905 ro.
1016 880 1052 890 ·-
1073 849 1232 905 Maximum
1245 850 1412 906 christiano·

436 945 498 982 rum
509 928 633 984 officium
641 940 685 984 est
695 939 844 998 utramque
856 931 978 998 patriam
988 929 1086 984 debito
1098 929 1198 985 ordine
1208 929 1325 999 diligere
1338 944 1414 984 ro.-

438 1008 525 1062 Teste
537 1008 616 1078 insu
641 1009 793 1077 Ctttttstt),
812 1007 917 1064 veritas
938 1017 966 1063 et
989 1008 1093 1064 caritas
1115 1019 1181 1064 sunt
1202 1009 1413 1065 nobilissimum

437 1087 649 1158 redemptorum
675 1087 877 1157 patrimonium
895 1103 934 1142 to.
948 1117 983 1126 —
997 1087 1105 1142 Contra
1125 1087 1288 1143 Ecclesiam
1300 1099 1412 1144 vertun-

436 1177 482 1222 tur
506 1167 577 1236 ipsae
607 1167 822 1236 progressiones
836 1165 1021 1222 scientiarum
1043 1183 1123 1222 11.—
1141 1168 1280 1238 Superbia
1289 1167 1410 1238 decepti,

437 1247 567 1301 homines
592 1245 688 1302 omnia
713 1247 751 1302 ad
775 1261 884 1302 meram
905 1247 1061 1302 humanam
1086 1256 1217 1301 naturam
1241 1247 1409 1302 contrahere

437 1326 543 1394 volunt,
555 1335 667 1380 semoto
681 1326 745 1380 Deo
757 1336 785 1381 et
799 1325 930 1380 Ecclesia
947 1325 1068 1380 tt.-Sit
1081 1323 1161 1396 proin
1176 1326 1333 1382 catholicus
1344 1325 1406 1381 reli·

435 1404 521 1475 gione
533 1419 585 1459 sua
598 1403 650 1459 rite
663 1405 796 1472 imbutus,
810 1403 952 1476 fidemque
965 1421 1049 1459 suam
1061 1421 1166 1474 augere
1179 1405 1292 1460 studeat
1304 1419 1345 1460 tt.

472 1483 535 1537 lmo
547 1483 667 1556 quisque
688 1494 803 1552 paratus
817 1484 852 1538 sit
866 1483 903 1537 ad
916 1483 1002 1538 fidem
1023 1484 1123 1554 quovis
1149 1485 1235 1539 modo
1253 1483 1406 1540 defenden-

435 1561 503 1616 dam
523 1577 562 1616 12.
576 1591 612 1602 ·-
631 1561 784 1618 Dimieatio
807 1579 858 1632 pro
871 1562 1003 1618 Ecclesia
1016 1574 1059 1619 est
1074 1562 1299 1618 Christianorum
1312 1564 1357 1618 lex
1380 1571 1409 1616 et

435 1643 525 1712 gloria
541 1657 621 1700 12.-
629 1642 730 1699 Fidem
743 1644 926 1710 profiteantur
935 1655 964 1699 et
974 1653 1131 1714 propagent
1148 1659 1235 1712 12-13.
1248 1674 1284 1684 -
1293 1643 1407 1698 Veritas

435 1721 590 1778 christiana
602 1722 655 1777 rite
666 1722 793 1793 exposita
801 1739 951 1778 assensum
960 1723 1061 1778 rationi
1072 1724 1196 1794 postulat
1211 1737 1287 1791 13.-
1301 1721 1406 1776 Praedi-

435 1801 510 1856 catio
529 1801 591 1856 haec
604 1801 765 1858 necessaria
778 1817 817 1872 13.
831 1832 866 1842 -
878 1803 1023 1872 Magistris
1036 1802 1172 1874 primario
1182 1803 1320 1858 incumbit
1332 1821 1340 1868 ;
1354 1802 1406 1856 sed

435 1879 605 1934 secundario
616 1897 729 1952 quoque
753 1880 871 1951 privatis
884 1880 1024 1949 fidelibus,
1046 1897 1166 1953 quorum
1177 1897 1264 1952 opera
1275 1879 1404 1951 perutilis

435 1968 507 2013 teste
517 1959 638 2014 concilio
651 1957 819 2015 Tridentino
832 1974 910 2028 13.—-
922 1961 1051 2030 Quisque
1063 1959 1230 2030 exemplofet
1240 1958 1402 2014 constantia

438 2038 525 2092 tidem
545 2039 700 2108 praedicare
713 2049 824 2095 tenetur
839 2055 879 2107 13·

471 2117 529 2172 Sed
541 2127 569 2172 et
580 2118 728 2189 requiritur
741 2117 769 2171 in
782 2120 939 2174 certamine
951 2118 1104 2173 concordia
1121 2132 1160 2184 14.
1174 2148 1209 2157 -
1222 2117 1352 2173 Christus
1365 2115 1404 2170 ad

433 2195 619 2252 debellandos
643 2196 781 2252 doctrinae
803 2215 861 2252 suae
884 2199 988 2266 hostes,
1028 2196 1200 2265 Ecclesiam,
1219 2199 1256 2251 ad
1287 2195 1406 2252 modum

433 2275 569 2344 corporis,
579 2277 658 2346 cuius
672 2286 747 2331 esset
758 2277 818 2347 ipse
827 2289 921 2346 caput,
934 2277 1055 2332 instituit
1084 2291 1123 2342 14.
1143 2306 1179 2316 -
1198 2277 1270 2332 Haec
1283 2274 1406 2330 societas

433 2353 558 2422 perlecta
568 2355 653 2422 exigit
663 2355 806 2410 actionem
816 2357 1035 2411 communemin
1049 2357 1184 2412 membris
1195 2369 1236 2422 14.
1255 2384 1290 2394 -
1309 2354 1404 2408 Primo

432 2432 508 2488 adsit
516 2433 669 2489 concordia
681 2434 894 2503 sententiarum,
906 2435 943 2490 de
953 2453 1009 2507 qua
1018 2435 1122 2490 Paulus
1133 2449 1173 2502 14
1184 2464 1220 2474 -
1233 2432 1406 2504 Principium

432 2512 535 2581 agendi
549 2529 630 2567 mens
646 2527 686 2578 14·
704 2543 734 2553 -
748 2515 841 2584 HuJus
863 2513 917 2569 sibi
930 2515 1036 2569 relictae
1049 2514 1186 2583 defectus,
1202 2512 1404 2568 accedentibus

433 2591 644 2660 cupiditatibus,
657 2593 842 2656 concordiam
850 2594 1046 2663 perdifficilem
1064 2595 1090 2648 in
1116 2593 1290 2649 naturalibus
1312 2590 1404 2647 reddit

436 2683 476 2739 ις.
495 2699 531 2709 -
544 2673 580 2724 At
593 2670 748 2726 christiano
767 2673 995 2742 unusDominus,
1015 2673 1316 2742 unafides15.-Haec
1336 2687 1405 2726 una·

433 2749 548 2803 nimitas
561 2750 686 2818 perlecta
697 2766 762 2804 esse
774 2751 868 2819 debet,
880 2769 967 2822 quum
980 2753 1064 2807 unico
1083 2752 1267 2807 fundamento
1290 2751 1404 2811 nitatur,

434 2845 537 2901 nempe
557 2830 661 2886 divinae
669 2832 786 2886 rationis
805 2835 972 2889 auctoritate
1006 2848 1046 2904 15.
1067 2863 1102 2874 ·-·
1121 2833 1197 2904 Quid
1221 2843 1318 2889 autem
1342 2833 1405 2888 haec

434 2911 588 2966 auctoritas
601 2911 715 2978 revelet,
727 2911 859 2967 Ecclesia
870 2913 954 2968 docet
971 2929 981 2966 r
987 2926 1010 2982 5.
1021 2943 1056 2953 —
1066 2913 1204 2968 Ecclesia
1213 2911 1327 2967 docenti
1340 2913 1406 2967 obe-

433 2987 541 3044 dientia
565 2999 613 3044 aut
631 2989 758 3060 perlecta
771 3001 819 3045 aut
833 2992 910 3046 nulla
925 2993 964 3047 16.
980 3021 1014 3032 —
1025 2993 1180 3048 Praeclarus
1200 2991 1315 3048 affertur
1326 2992 1405 3046 locus

435 3069 476 3123 D.
488 3067 650 3138 Aquinatis‚
669 3069 706 3124 de
729 3070 837 3124 unitate
851 3071 916 3126 fidei
934 3072 1021 3126 totius
1046 3071 1193 3140 Ecclesiae,
1217 3071 1255 3126 ad
1280 3080 1405 3127 mentem

434 3147 513 3200 Pauli
530 3149 570 3202 ro.
585 3177 621 3186 -
641 3148 713 3203 Haec
727 3149 891 3203 obedientia
911 3149 976 3204 fidei
993 3151 1199 3219 complectitur,
1220 3149 1404 3220 praeterdog·

434 3235 512 3279 mata
535 3242 668 3295 expresse
687 3225 816 3294 diffinita,
840 3227 985 3282 doctrinas
1005 3227 1178 3282 universales
1197 3239 1225 3283 et
1245 3225 1404 3282 ordinarias

434 3305 573 3358 Ecclesiae
584 3325 591 3370 ;
606 3305 721 3374 insuper
730 3306 846 3375 respicit
860 3307 987 3376 regimen
1001 3307 1211 3377 Episcoporum
1222 3317 1251 3362 et
1263 3306 1404 3377 imprimis

434 3382 517 3437 Sedis
531 3383 705 3452 Apostolicae
720 3383 985 3453 16·17.-Ecclesia,
999 3386 1121 3441 societas
1133 3387 1265 3456 perlecta,
1274 3401 1402 3456 compre·

432 3461 636 3516 henditomnes
644 3463 945 3534 nationes17.-Regit
956 3466 1036 3536 proin
1048 3465 1186 3534 subditos,
1195 3464 1271 3521 civili
1280 3465 1406 3535 propriae-

432 3539 556 3594 nationis
579 3542 712 3610 potestati
726 3541 782 3597 alia
795 3545 905 3598 ratione
915 3545 1046 3598 subditos
1063 3558 1105 3612 17.
1118 3575 1154 3584 -
1170 3544 1301 3600 Ecclesia
1313 3553 1404 3598 recto·

431 3634 477 3672 res
486 3617 643 3686 civitatum,
654 3619 828 3688 imponendo
841 3622 934 3690 legem
947 3623 1017 3692 ipsis
1027 3624 1155 3694 parendi,
1168 3623 1283 3692 adjuvat
1292 3635 1331 3688 17.

467 3695 525 3751 Sed
543 3697 620 3768 quod
642 3698 679 3752 ad
690 3698 846 3767 spiritualia
858 3701 978 3771 pertinet
992 3701 1046 3756 sibi
1059 3702 1112 3756 soli
1125 3701 1251 3756 vindicat
1269 3701 1356 3766 17·r8.
1368 3729 1402 3738 —

432 3775 555 3830 Multum
567 3775 683 3832 interest
702 3777 775 3833 inter
788 3791 937 3850 utramque
951 3782 1155 3850 rempublicam
1171 3782 1210 3835 18.
1224 3779 1401 3845 -Ecclesia,

429 3855 551 3910 societas
571 3857 704 3926 perlecta,
717 3857 768 3912 sed
781 3858 871 3926 altior,
886 3876 942 3913 non
956 3877 987 3914 se
1010 3861 1151 3916 immiscet
1177 3861 1306 3930 partibus
1327 3857 1397 3930 poli-

429 3936 500 4002 ticis,
513 3951 605 4006 neque
627 3937 796 3994 determinat
807 3940 914 3994 formas
927 3940 1018 3994 civilis
1031 3941 1178 4012 regiminis
1195 3941 1234 3996 18.
1246 3969 1282 3981 -
1298 3940 1398 3994 Eccle-

429 4015 536 4069 siamin
548 4017 603 4070 hoc
618 4015 769 4085 imitantes,
786 4018 919 4074 catholici
938 4020 975 4074 ad
998 4031 1093 4090 partes
1121 4021 1281 4076 Ecclesiam
1293 4036 1331 4074 ne
1343 4029 1398 4074 tra·

376 4097 379 4104 '
426 4093 506 4156 hant,
520 4105 548 4150 et
564 4095 602 4149 ad
614 4095 810 4153 defensionem
834 4099 986 4168 religionis,
1013 4101 1091 4154 omni
1123 4099 1196 4154 inter
1221 4115 1252 4154 se
1272 4098 1398 4170 seposito

428 4171 557 4242 dissidio,
577 4175 728 4230 convolent
744 4176 783 4231 18.
809 4207 844 4217 -
870 4179 999 4248 Utraque
1024 4180 1147 4234 societas
1172 4178 1201 4232 in
1223 4191 1275 4232 suo
1300 4176 1400 4232 ordine

429 4249 619 4320 principatum
638 4262 715 4308 tenet
732 4269 771 4322 19.
785 4286 820 4296 -
834 4257 911 4312 Civis
922 4257 967 4326 jus
981 4257 1068 4312 habet
1081 4268 1111 4312 ut
1133 4275 1151 4311 a
1163 4257 1238 4312 civili
1258 4265 1398 4328 potestate

431 4327 590 4398 adjuvetur,
603 4347 661 4384 non
681 4331 773 4387 solum
787 4345 816 4390 ut
830 4337 903 4391 bene
915 4335 969 4391 sibi
989 4353 1054 4391 esse
1078 4337 1170 4403 liceat,
1183 4337 1236 4392 sed
1247 4347 1276 4391 ut
1290 4351 1400 4389 morum

1427 465 1484 520 ht.
