3364 4928
443 255 493 341 46
649 275 764 326 smsr.
797 262 816 292 ‘⁴
836 275 917 326 ssu
935 273 1060 328 usum
1079 275 1317 326 mscunums
1337 312 1357 340 ‚,

488 446 524 512 Si
550 447 634 512 haec
658 449 715 527 ita,
739 447 788 514 uti
815 458 984 531 optamus,
1009 449 1190 528 evenerint,
1214 469 1295 514 sane
1311 449 1549 532 gratulandum

443 553 507 616 erit
522 551 724 617 Germaniae
747 553 937 636 pastoribus
961 555 1052 636 quod
1078 563 1113 617 et
1136 554 1291 638 publicae
1314 553 1550 637 tranquillitati

325 715 375 760 Sed
394 720 417 759 a
445 676 507 738 pro
533 655 618 720 virili
651 653 745 739 parte
769 658 1006 740 prospexerint
1031 667 1064 722 et
1088 677 1186 722 verae
1210 658 1438 734 humanitatis,
1462 677 1551 739 quae

263 773 400 820 andrum·
444 759 575 824 civilem
592 761 696 824 vitam
713 761 819 839 decet,
834 779 987 825 caussam
1003 762 1218 845 susceperint.
1234 761 1408 824 -Verum
1426 780 1492 824 non
1515 761 1549 824 in

264 831 416 940 Ξῖζῗαᾟιιῑ.
445 860 510 926 hoc
526 883 648 946 genere
663 873 795 928 tantum
812 862 1033 928 humanitatis
1062 885 1214 929 caussam
1229 866 1313 928 tueri
1323 865 1409 928 solet
1434 864 1550 928 Eccle-

262 950 360 1065 Jggjf‘
370 953 416 999 ⁶⁶·
442 967 491 1030 sia
509 991 517 1030 :
532 966 598 1030 alia
613 986 747 1050 quoque
762 976 841 1032 sunt
856 985 944 1051 quae
959 968 1139 1034 salutarem
1156 971 1227 1032 eius
1247 989 1347 1050 opem
1367 968 1549 1050 postulant.

442 1068 577 1134 Scilicet
614 1068 702 1132 illlus
740 1081 792 1134 est
833 1071 1025 1135 institutum
1063 1072 1312 1136 sanctissimum
1328 1080 1365 1135 ut
1389 1070 1548 1135 barbaros

444 1173 610 1256 rudesque
625 1173 769 1256 populos
783 1174 936 1238 doctrina
953 1174 1029 1239 fidei
1040 1177 1196 1239 erudiens
1225 1174 1444 1239 humanitatis
1468 1175 1547 1238 arti-

443 1277 504 1342 bus
529 1278 628 1342 simul
645 1277 797 1360 expoliat
824 1280 1039 1362 moribusque
1063 1280 1216 1346 civilibus
1241 1279 1384 1344 excolat.
1416 1278 1547 1342 Eximii

291 1371 414 1430 ’ΨΜ
440 1382 539 1446 huius
555 1381 729 1446 ministerii
756 1383 869 1447 studio
884 1383 995 1466 plures
1019 1384 1188 1449 laboribus
1213 1386 1405 1449 absumsere
1432 1385 1547 1461 vitam,

261 1430 413 1596 {¹33ss
440 1484 552 1567 plures
568 1505 644 1550 cum
661 1487 825 1568 sanguine
839 1487 1067 1570 profuderunt.
1081 1488 1248 1554 Sollicitat
1261 1489 1364 1552 modo
1374 1486 1547 1553 Ecclesiae

367 1583 372 1596 '
438 1597 590 1672 pastores
621 1589 785 1671 imprimis
815 1610 930 1654 eorum
961 1591 1111 1656 conditio
1150 1593 1270 1656 misera
1300 1592 1356 1675 qui
1392 1590 1544 1654 Africam

439 1693 623 1758 incolentes
647 1694 680 1756 in
697 1693 892 1759 servitutem
907 1696 1033 1761 redacti
1049 1696 1176 1760 venalis
1193 1697 1298 1760 instar
1314 1695 1431 1760 mercis
1451 1716 1545 1759 man·

438 1797 527 1880 cipio
543 1797 614 1862 dari
631 1808 665 1862 et
679 1797 786 1880 accipi
802 1797 912 1864 solent
924 1799 1014 1883 turpi
1027 1809 1248 1866 mercatorum
1276 1808 1428 1882 quaestu.
1447 1797 1545 1880 Quae

437 1903 546 1967 Nobis
561 1902 660 1966 huius
677 1902 723 1966 rei
738 1922 816 1966 cura
843 1904 896 1981 sit,
920 1903 1040 1969 litteris
1066 1905 1200 1970 Nostris
1224 1913 1339 1986 aperte
1363 1901 1546 1966 declaravi-

271 2009 343 2054 zeus
355 2009 412 2056 Ger·
439 2027 522 2070 rnus.
537 2005 712 2090 -Quum
725 2006 839 2088 itaque
849 2007 1069 2072 constitutum
1086 2009 1130 2074 sit
1139 2009 1182 2073 ab
1196 2007 1365 2090 Imperiali
1381 2003 1545 2089 gubernio

260 2082 354 2174 ι’ἷῗιέἶ
373 2083 412 2174 ⁶2:
439 2109 650 2186 Germanico,
674 2119 711 2174 ut
736 2111 778 2173 ad
804 2129 862 2174 eas
886 2110 1040 2193 regiones
1064 2109 1210 2189 Africae,
1233 2131 1318 2194 quas
1345 2116 1544 2192 patronatus

258 2193 341 2305 {1220
363 2186 412 2293 {¹2}
438 2213 508 2276 iure
524 2223 646 2291 tuetur,
660 2213 772 2276 editus
784 2222 900 2296 pateat
914 2214 1143 2280 sacerdotibus
1158 2213 1340 2292 catholicis,
1356 2212 1412 2295 qui
1434 2231 1546 2274 sacras

259 2305 326 2354 dmi·
440 2313 615 2380 missiones
635 2315 772 2393 obeunt,
797 2314 907 2380 iacere
932 2336 998 2380 non
1025 2336 1204 2400 possumus
1230 2317 1311 2399 quin
1339 2326 1374 2379 te
1394 2314 1545 2397 aliosque

438 2417 658 2483 Venerabiles
684 2419 827 2498 Fratres,
858 2421 914 2503 qui
943 2419 1134 2486 Germanici
1167 2421 1303 2503 Imperii
1333 2419 1544 2484 dioecesibus

436 2533 605 2607 praesunt,
621 2525 723 2589 etiam
741 2535 842 2608 atque
857 2526 958 2590 etiam
975 2524 1156 2603 hortemur,
1172 2535 1210 2590 ut
1234 2524 1409 2608 inquiratis
1424 2523 1544 2588 sedulo

435 2648 477 2692 an
495 2628 528 2692 in
545 2627 635 2692 clero
651 2627 862 2700 Germanico.
877 2629 935 2712 qui
958 2630 1092 2713 egregia
1113 2629 1334 2706 constantiae,
1358 2628 1543 2711 patientiae

433 2741 467 2796 et
485 2731 674 2814 Apostolici
699 2733 762 2798 zeli
777 2733 932 2818 praebuit
958 2743 1167 2817 argumenta,
1193 2733 1295 2816 aliqui
1321 2734 1498 2796 videantur
1520 2752 1541 2795 a

434 2838 509 2902 Deo
525 2837 635 2902 vocati
653 2848 688 2902 ut
710 2836 842 2902 afflictis
859 2838 924 2902 illis
939 2837 1074 2902 Africae
1097 2837 1253 2922 gentibus
1270 2838 1379 2901 lucem
1396 2835 1541 2900 inserant

436 2939 620 3022 Evangelii.
637 2973 679 2986 --
705 2939 783 3024 Quo
800 2939 929 3006 facilius
943 2959 1025 3006 vero
1048 2939 1082 3004 hi
1093 2941 1223 3024 possint
1248 2939 1388 3023 obsequi
1404 2938 1540 3002 vocanti

432 3041 516 3118 Deo,
533 3042 747 3108 vehementer
762 3055 920 3127 optamus
941 3055 988 3122 ut,
1014 3054 1048 3109 te
1064 3043 1227 3126 imprimis
1243 3051 1381 3106 curante
1396 3041 1539 3124 aliisque

431 3145 622 3212 Germanici
640 3149 776 3231 Imperii
803 3150 990 3233 Episcopis,
1015 3149 1213 3230 collatisque
1238 3147 1385 3212 fidelium
1408 3149 1539 3226 studiis,

279 3269 407 3316 <tonum
434 3248 624 3314 institutum
641 3252 815 3329 condatur,
828 3272 897 3335 quo
906 3251 1017 3316 clerici
1033 3251 1212 3333 indigenae
1227 3252 1290 3314 rite
1301 3260 1540 3334 comparentur

254 3333 407 3434 ww,
435 3354 478 3418 ad
502 3373 613 3417 sacras
637 3353 813 3418 missiones
828 3356 860 3418 in
886 3353 1004 3420 Africa
1019 3353 1202 3433 obeundas,
1224 3355 1267 3418 ad
1285 3353 1391 3418 instar
1404 3353 1538 3437 collegii

147 3480 155 3568 ¹.
254 3447 405 3576 2525}pr
434 3457 467 3520 ln
485 3456 624 3541 Belgico
639 3478 743 3542 regno
754 3458 939 3537 constituti,
955 3458 988 3522 in
1005 3458 1096 3541 quod
1113 3459 1135 3520 ii
1151 3457 1356 3540 recipiuntur
1370 3460 1428 3541 qui
1438 3479 1539 3524 evan·

171 3653 172 3656 =
254 3623 337 3684 Congi.

255 3567 391 3624 regionum
432 3561 576 3644 gelicum
594 3562 810 3646 praeconium
835 3563 868 3626 in
897 3562 1033 3645 regione
1061 3561 1170 3644 Congi
1199 3561 1315 3626 facturi
1346 3572 1435 3628 sunt.
1460 3561 1539 3626 Hoc

433 3677 533 3746 pacto
546 3667 579 3730 in
596 3677 755 3751 promptu
778 3687 859 3732 mox
887 3667 949 3730 erit
964 3666 1060 3749 quasi
1078 3665 1189 3729 nobile
1213 3666 1384 3748 quoddam
1406 3663 1539 3748 planta·

432 3769 528 3848 rium,
545 3773 634 3837 unde
650 3772 802 3856 excerpti
818 3770 973 3854 palmites
990 3789 1087 3833 verae
1101 3767 1192 3832 Vitis
1207 3788 1294 3850 quae
1307 3767 1459 3834 Christus
1475 3781 1537 3850 est,

429 3884 462 3937 et
478 3875 511 3938 in
529 3874 679 3940 Africam
693 3885 816 3938 terram
833 3872 984 3937 translati
1012 3872 1156 3960 fructum
1184 3872 1365 3954 plurimum
1385 3871 1536 3950 afferent,

431 4000 470 4044 ac
486 3980 572 4044 seras
582 3981 669 4045 inter
683 3987 801 4064 gentes
817 3976 991 4042 barbariae
1013 3974 1128 4039 foedas
1144 3984 1178 4038 et
1198 3985 1412 4057 peccatorum
1429 3976 1534 4039 sordi-

428 4085 490 4148 bus
502 4086 627 4150 bonum
639 4082 764 4148 Christi
781 4081 919 4145 odorem
932 4075 1114 4142 effundent.
1125 4115 1168 4126 —
1180 4076 1409 4160 Quamobrem
1424 4077 1456 4142 N
1458 4080 1534 4144 obis

429 4197 622 4268 pergratum
638 4185 749 4262 iacies,
769 4180 981 4248 Venerabilis
997 4179 1124 4255 Frater,
1139 4179 1223 4243 side
1238 4181 1278 4242 iis
1293 4201 1379 4264 quae
1395 4201 1454 4264 per
1469 4181 1532 4248 has

427 4286 553 4352 litteras
569 4285 830 4370 significavimus
855 4283 938 4350 alios
965 4282 1156 4347 Germanici
1179 4281 1317 4364 Imperii
1341 4283 1531 4368 Episcopos
