<?xml version="1.0" encoding="UTF-8"?>
<!DOCTYPE html PUBLIC "-//W3C//DTD XHTML 1.0 Transitional//EN"
    "http://www.w3.org/TR/xhtml1/DTD/xhtml1-transitional.dtd">
<html xmlns="http://www.w3.org/1999/xhtml" xml:lang="en" lang="en">
 <head>
  <title>
</title>
<meta http-equiv="Content-Type" content="text/html;charset=utf-8" />
  <meta name='ocr-system' content='tesseract 3.04.00' />
  <meta name='ocr-capabilities' content='ocr_page ocr_carea ocr_par ocr_line ocrx_word'/>
</head>
<body>
  <div class='ocr_page' id='page_1' title='image "./sanctissimidomi02xiiigoog_0172.png"; bbox 0 0 3354 4938; ppageno 0'>
   <div class='ocr_carea' id='block_1_1' title="bbox 206 265 1310 370">
    <p class='ocr_par' dir='ltr' id='par_1_1' title="bbox 206 265 1310 370">
     <span class='ocr_line' id='line_1_1' title="bbox 206 265 1310 370; baseline -0.001 -36"><span class='ocrx_word' id='word_1_1' title='bbox 206 279 260 370; x_wconf 72' lang='lat' dir='ltr'>ps</span> <span class='ocrx_word' id='word_1_2' title='bbox 284 279 489 333; x_wconf 68' lang='lat' dir='ltr'>saccones.</span> <span class='ocrx_word' id='word_1_3' title='bbox 511 279 778 334; x_wconf 77' lang='lat' dir='ltr'>sounsvvmus</span> <span class='ocrx_word' id='word_1_4' title='bbox 796 281 825 332; x_wconf 78' lang='lat' dir='ltr'>s,</span> <span class='ocrx_word' id='word_1_5' title='bbox 847 279 1004 332; x_wconf 77' lang='lat' dir='ltr'>ronvvrs</span> <span class='ocrx_word' id='word_1_6' title='bbox 1023 281 1048 330; x_wconf 84' lang='lat' dir='ltr'>A</span> <span class='ocrx_word' id='word_1_7' title='bbox 1065 281 1197 333; x_wconf 77' lang='lat' dir='ltr'>cauca.</span> <span class='ocrx_word' id='word_1_8' title='bbox 1244 265 1310 352; x_wconf 84' lang='lat'>163</span> 
     </span>
    </p>
   </div>
   <div class='ocr_carea' id='block_1_2' title="bbox 208 457 1492 646">
    <p class='ocr_par' dir='ltr' id='par_1_2' title="bbox 208 457 1492 646">
     <span class='ocr_line' id='line_1_2' title="bbox 208 457 1492 562; baseline 0 -40"><span class='ocrx_word' id='word_1_9' title='bbox 208 477 283 522; x_wconf 92' lang='lat' dir='ltr'>rum</span> <span class='ocrx_word' id='word_1_10' title='bbox 311 457 382 542; x_wconf 91' lang='lat' dir='ltr'>pati</span> <span class='ocrx_word' id='word_1_11' title='bbox 398 466 432 523; x_wconf 90' lang='lat' dir='ltr'>et</span> <span class='ocrx_word' id='word_1_12' title='bbox 447 458 617 524; x_wconf 88' lang='lat' dir='ltr'>contemni</span> <span class='ocrx_word' id='word_1_13' title='bbox 644 478 704 542; x_wconf 90' lang='lat' dir='ltr'>pro</span> <span class='ocrx_word' id='word_1_14' title='bbox 721 457 863 524; x_wconf 91' lang='lat' dir='ltr'>Christo.</span> <span class='ocrx_word' id='word_1_15' title='bbox 889 457 1103 542; x_wconf 80' lang='lat' dir='ltr'>Quapropter</span> <span class='ocrx_word' id='word_1_16' title='bbox 1128 478 1205 522; x_wconf 92' lang='lat' dir='ltr'>cum</span> <span class='ocrx_word' id='word_1_17' title='bbox 1231 458 1313 524; x_wconf 89' lang='lat' dir='ltr'>haec</span> <span class='ocrx_word' id='word_1_18' title='bbox 1340 512 1372 556; x_wconf 56' lang='lat' dir='ltr'>,a</span> <span class='ocrx_word' id='word_1_19' title='bbox 1390 484 1492 562; x_wconf 50' lang='lat' dir='ltr'>ww]</span> 
     </span>
     <span class='ocr_line' id='line_1_3' title="bbox 210 562 1492 646; baseline 0 -20"><span class='ocrx_word' id='word_1_20' title='bbox 210 563 394 628; x_wconf 83' lang='lat' dir='ltr'>saecularia</span> <span class='ocrx_word' id='word_1_21' title='bbox 409 562 597 642; x_wconf 87' lang='lat' dir='ltr'>sollemnia,</span> <span class='ocrx_word' id='word_1_22' title='bbox 612 583 688 627; x_wconf 90' lang='lat' dir='ltr'>eum</span> <span class='ocrx_word' id='word_1_23' title='bbox 704 562 893 628; x_wconf 87' lang='lat' dir='ltr'>christianis</span> <span class='ocrx_word' id='word_1_24' title='bbox 908 563 1073 642; x_wconf 90' lang='lat' dir='ltr'>omnibus,</span> <span class='ocrx_word' id='word_1_25' title='bbox 1099 573 1171 629; x_wconf 92' lang='lat' dir='ltr'>tum</span> <span class='ocrx_word' id='word_1_26' title='bbox 1187 564 1313 646; x_wconf 84' lang='lat' dir='ltr'>praeci·</span> <span class='ocrx_word' id='word_1_27' title='bbox 1340 576 1439 620; x_wconf 70' lang='lat' dir='ltr'>calaris</span> <span class='ocrx_word' id='word_1_28' title='bbox 1459 589 1492 621; x_wconf 85' lang='lat' dir='ltr'>so·</span> 
     </span>
    </p>
   </div>
   <div class='ocr_carea' id='block_1_3' title="bbox 208 633 1492 752">
    <p class='ocr_par' dir='ltr' id='par_1_3' title="bbox 208 633 1492 752">
     <span class='ocr_line' id='line_1_4' title="bbox 208 633 1492 752; baseline 0.005 -20"><span class='ocrx_word' id='word_1_29' title='bbox 208 685 277 752; x_wconf 89' lang='lat' dir='ltr'>pue</span> <span class='ocrx_word' id='word_1_30' title='bbox 293 666 550 733; x_wconf 88' lang='lat' dir='ltr'>Carmelitarum</span> <span class='ocrx_word' id='word_1_31' title='bbox 567 667 713 733; x_wconf 80' lang='lat' dir='ltr'>familiae</span> <span class='ocrx_word' id='word_1_32' title='bbox 728 687 795 731; x_wconf 91' lang='lat' dir='ltr'>non</span> <span class='ocrx_word' id='word_1_33' title='bbox 812 686 940 749; x_wconf 89' lang='lat' dir='ltr'>parum,</span> <span class='ocrx_word' id='word_1_34' title='bbox 956 667 1031 732; x_wconf 94' lang='lat' dir='ltr'>Deo</span> <span class='ocrx_word' id='word_1_35' title='bbox 1046 668 1237 746; x_wconf 90' lang='lat' dir='ltr'>adiuvante,</span> <span class='ocrx_word' id='word_1_36' title='bbox 1246 669 1312 732; x_wconf 90' lang='lat' dir='ltr'>sint</span> <span class='ocrx_word' id='word_1_37' title='bbox 1333 633 1440 748; x_wconf 53' lang='lat' dir='ltr'>maa.</span> <span class='ocrx_word' id='word_1_38' title='bbox 1454 708 1492 738; x_wconf 70' lang='lat' dir='ltr'>vo-</span> 
     </span>
    </p>
   </div>
   <div class='ocr_carea' id='block_1_4' title="bbox 210 752 1493 976">
    <p class='ocr_par' dir='ltr' id='par_1_4' title="bbox 210 752 1493 976">
     <span class='ocr_line' id='line_1_5' title="bbox 210 752 1491 858; baseline 0.001 -23"><span class='ocrx_word' id='word_1_39' title='bbox 210 769 394 856; x_wconf 83' lang='lat' dir='ltr'>prot&#39;utura‚</span> <span class='ocrx_word' id='word_1_40' title='bbox 410 771 453 836; x_wconf 93' lang='lat' dir='ltr'>ad</span> <span class='ocrx_word' id='word_1_41' title='bbox 469 773 658 855; x_wconf 88' lang='lat' dir='ltr'>augendam</span> <span class='ocrx_word' id='word_1_42' title='bbox 675 789 791 838; x_wconf 92' lang='lat' dir='ltr'>eorum</span> <span class='ocrx_word' id='word_1_43' title='bbox 807 771 1045 848; x_wconf 84' lang='lat' dir='ltr'>celebritatem,</span> <span class='ocrx_word' id='word_1_44' title='bbox 1060 791 1146 855; x_wconf 89' lang='lat' dir='ltr'>quae</span> <span class='ocrx_word' id='word_1_45' title='bbox 1162 791 1181 835; x_wconf 92' lang='lat' dir='ltr'>a</span> <span class='ocrx_word' id='word_1_46' title='bbox 1205 767 1313 836; x_wconf 91' lang='lat' dir='ltr'>Nobis</span> <span class='ocrx_word' id='word_1_47' title='bbox 1340 753 1403 856; x_wconf 58' lang='grc' dir='ltr'>ξζῖξ,</span> <span class='ocrx_word' id='word_1_48' title='bbox 1421 752 1491 858; x_wconf 53' lang='lat' dir='ltr'>⁶0⁶2ss</span> 
     </span>
     <span class='ocr_line' id='line_1_6' title="bbox 216 870 1493 976; baseline 0.026 -34"><span class='ocrx_word' id='word_1_49' title='bbox 216 896 262 942; x_wconf 87' lang='lat' dir='ltr'>ex</span> <span class='ocrx_word' id='word_1_50' title='bbox 278 875 449 942; x_wconf 86' lang='lat' dir='ltr'>Ecclesiae</span> <span class='ocrx_word' id='word_1_51' title='bbox 464 875 621 941; x_wconf 88' lang='lat' dir='ltr'>thesauro</span> <span class='ocrx_word' id='word_1_52' title='bbox 641 875 747 958; x_wconf 88' lang='lat' dir='ltr'>petita</span> <span class='ocrx_word' id='word_1_53' title='bbox 761 884 840 940; x_wconf 88' lang='lat' dir='ltr'>sunt</span> <span class='ocrx_word' id='word_1_54' title='bbox 856 894 994 939; x_wconf 92' lang='lat' dir='ltr'>munera</span> <span class='ocrx_word' id='word_1_55' title='bbox 1017 874 1159 940; x_wconf 86' lang='lat' dir='ltr'>libenter</span> <span class='ocrx_word' id='word_1_56' title='bbox 1174 874 1313 940; x_wconf 86' lang='lat' dir='ltr'>conseri·</span> <span class='ocrx_word' id='word_1_57' title='bbox 1340 870 1493 976; x_wconf 48' lang='lat' dir='ltr'>mndi-</span> 
     </span>
    </p>
   </div>
   <div class='ocr_carea' id='block_1_5' title="bbox 195 965 1492 3658">
    <p class='ocr_par' dir='ltr' id='par_1_5' title="bbox 195 965 1492 3540">
     <span class='ocr_line' id='line_1_7' title="bbox 208 965 1478 1062; baseline -0.001 -20"><span class='ocrx_word' id='word_1_58' title='bbox 208 999 292 1043; x_wconf 91' lang='lat' dir='ltr'>mus.</span> <span class='ocrx_word' id='word_1_59' title='bbox 309 979 409 1044; x_wconf 85' lang='lat' dir='ltr'>Votis</span> <span class='ocrx_word' id='word_1_60' title='bbox 424 979 526 1062; x_wconf 89' lang='lat' dir='ltr'>igitur</span> <span class='ocrx_word' id='word_1_61' title='bbox 540 988 574 1044; x_wconf 90' lang='lat' dir='ltr'>et</span> <span class='ocrx_word' id='word_1_62' title='bbox 583 979 737 1062; x_wconf 88' lang='lat' dir='ltr'>precibus</span> <span class='ocrx_word' id='word_1_63' title='bbox 753 977 978 1042; x_wconf 91' lang='lat' dir='ltr'>Procuratoris</span> <span class='ocrx_word' id='word_1_64' title='bbox 989 976 1161 1043; x_wconf 86' lang='lat' dir='ltr'>Generalis</span> <span class='ocrx_word' id='word_1_65' title='bbox 1177 976 1311 1043; x_wconf 87' lang='lat' dir='ltr'>Carme·</span> <span class='ocrx_word' id='word_1_66' title='bbox 1340 965 1478 1058; x_wconf 60' lang='lat' dir='ltr'>dudzenriaf</span> 
     </span>
     <span class='ocr_line' id='line_1_8' title="bbox 207 1049 1492 1163; baseline 0.005 -19"><span class='ocrx_word' id='word_1_67' title='bbox 207 1082 342 1148; x_wconf 90' lang='lat' dir='ltr'>litarum</span> <span class='ocrx_word' id='word_1_68' title='bbox 379 1080 660 1146; x_wconf 87' lang='lat' dir='ltr'>Excalceatorum</span> <span class='ocrx_word' id='word_1_69' title='bbox 687 1099 792 1163; x_wconf 90' lang='lat' dir='ltr'>nuper</span> <span class='ocrx_word' id='word_1_70' title='bbox 822 1081 864 1144; x_wconf 91' lang='lat' dir='ltr'>ad</span> <span class='ocrx_word' id='word_1_71' title='bbox 893 1081 966 1144; x_wconf 92' lang='lat' dir='ltr'>Nos</span> <span class='ocrx_word' id='word_1_72' title='bbox 996 1080 1142 1145; x_wconf 90' lang='lat' dir='ltr'>admotis</span> <span class='ocrx_word' id='word_1_73' title='bbox 1169 1079 1313 1162; x_wconf 86' lang='lat' dir='ltr'>benigne</span> <span class='ocrx_word' id='word_1_74' title='bbox 1339 1049 1492 1156; x_wconf 52' lang='lat' dir='ltr'>{ffers&#39;ffedssij</span> 
     </span>
     <span class='ocr_line' id='line_1_9' title="bbox 207 1167 1470 1283; baseline -0.003 -35"><span class='ocrx_word' id='word_1_75' title='bbox 207 1183 404 1261; x_wconf 86' lang='lat' dir='ltr'>adnuentes‚</span> <span class='ocrx_word' id='word_1_76' title='bbox 419 1181 575 1248; x_wconf 87' lang='lat' dir='ltr'>omnibus</span> <span class='ocrx_word' id='word_1_77' title='bbox 587 1192 622 1247; x_wconf 90' lang='lat' dir='ltr'>et</span> <span class='ocrx_word' id='word_1_78' title='bbox 637 1181 776 1264; x_wconf 88' lang='lat' dir='ltr'>singulis</span> <span class='ocrx_word' id='word_1_79' title='bbox 793 1181 965 1264; x_wconf 90' lang='lat' dir='ltr'>utriusque</span> <span class='ocrx_word' id='word_1_80' title='bbox 979 1202 1081 1246; x_wconf 89' lang='lat' dir='ltr'>sexus</span> <span class='ocrx_word' id='word_1_81' title='bbox 1093 1180 1312 1247; x_wconf 90' lang='lat' dir='ltr'>christifideli-</span> <span class='ocrx_word' id='word_1_82' title='bbox 1339 1167 1470 1283; x_wconf 56' lang='grc' dir='ltr'>ξξζζζζῖω</span> 
     </span>
     <span class='ocr_line' id='line_1_10' title="bbox 206 1284 1448 1368; baseline -0.001 -18"><span class='ocrx_word' id='word_1_83' title='bbox 206 1284 281 1362; x_wconf 92' lang='lat' dir='ltr'>bus,</span> <span class='ocrx_word' id='word_1_84' title='bbox 294 1285 352 1368; x_wconf 92' lang='lat' dir='ltr'>qui</span> <span class='ocrx_word' id='word_1_85' title='bbox 367 1284 541 1350; x_wconf 90' lang='lat' dir='ltr'>triduanae</span> <span class='ocrx_word' id='word_1_86' title='bbox 550 1285 797 1368; x_wconf 89' lang='lat' dir='ltr'>supplicationi,</span> <span class='ocrx_word' id='word_1_87' title='bbox 809 1304 894 1368; x_wconf 92' lang='lat' dir='ltr'>quae</span> <span class='ocrx_word' id='word_1_88' title='bbox 904 1285 938 1349; x_wconf 90' lang='lat' dir='ltr'>in</span> <span class='ocrx_word' id='word_1_89' title='bbox 954 1284 1101 1350; x_wconf 90' lang='lat' dir='ltr'>ecclesiis</span> <span class='ocrx_word' id='word_1_90' title='bbox 1117 1284 1313 1351; x_wconf 90' lang='lat' dir='ltr'>Carmelita·</span> <span class='ocrx_word' id='word_1_91' title='bbox 1338 1285 1448 1330; x_wconf 73' lang='lat' dir='ltr'>concern.</span> 
     </span>
     <span class='ocr_line' id='line_1_11' title="bbox 205 1388 1312 1472; baseline 0.001 -19"><span class='ocrx_word' id='word_1_92' title='bbox 205 1409 281 1453; x_wconf 93' lang='lat' dir='ltr'>rum</span> <span class='ocrx_word' id='word_1_93' title='bbox 294 1389 575 1454; x_wconf 85' lang='lat' dir='ltr'>Excalceatorum</span> <span class='ocrx_word' id='word_1_94' title='bbox 588 1409 608 1453; x_wconf 91' lang='lat' dir='ltr'>a</span> <span class='ocrx_word' id='word_1_95' title='bbox 622 1390 678 1454; x_wconf 92' lang='lat' dir='ltr'>die</span> <span class='ocrx_word' id='word_1_96' title='bbox 690 1389 851 1472; x_wconf 88' lang='lat' dir='ltr'>vigesima</span> <span class='ocrx_word' id='word_1_97' title='bbox 867 1389 1014 1454; x_wconf 90' lang='lat' dir='ltr'>secunda</span> <span class='ocrx_word' id='word_1_98' title='bbox 1029 1391 1153 1454; x_wconf 86' lang='lat' dir='ltr'>mensis</span> <span class='ocrx_word' id='word_1_99' title='bbox 1166 1388 1197 1452; x_wconf 95' lang='lat' dir='ltr'>N</span> <span class='ocrx_word' id='word_1_100' title='bbox 1200 1409 1312 1454; x_wconf 93' lang='lat' dir='ltr'>ovem·</span> 
     </span>
     <span class='ocr_line' id='line_1_12' title="bbox 208 1492 1314 1576; baseline 0 -18"><span class='ocrx_word' id='word_1_101' title='bbox 208 1493 277 1558; x_wconf 90' lang='lat' dir='ltr'>bris</span> <span class='ocrx_word' id='word_1_102' title='bbox 293 1494 337 1558; x_wconf 87' lang='lat' dir='ltr'>ad</span> <span class='ocrx_word' id='word_1_103' title='bbox 353 1494 442 1558; x_wconf 86' lang='lat' dir='ltr'>diem</span> <span class='ocrx_word' id='word_1_104' title='bbox 453 1493 618 1558; x_wconf 88' lang='lat' dir='ltr'>decimam</span> <span class='ocrx_word' id='word_1_105' title='bbox 635 1503 788 1576; x_wconf 88' lang='lat' dir='ltr'>quartam</span> <span class='ocrx_word' id='word_1_106' title='bbox 803 1493 926 1556; x_wconf 87' lang='lat' dir='ltr'>mensis</span> <span class='ocrx_word' id='word_1_107' title='bbox 941 1492 1137 1558; x_wconf 87' lang='lat' dir='ltr'>Decembris</span> <span class='ocrx_word' id='word_1_108' title='bbox 1154 1493 1314 1559; x_wconf 88' lang='lat' dir='ltr'>inclusive</span> 
     </span>
     <span class='ocr_line' id='line_1_13' title="bbox 207 1595 1311 1678; baseline 0 -16"><span class='ocrx_word' id='word_1_109' title='bbox 207 1618 255 1662; x_wconf 85' lang='lat' dir='ltr'>ex</span> <span class='ocrx_word' id='word_1_110' title='bbox 265 1615 425 1662; x_wconf 90' lang='lat' dir='ltr'>concessu</span> <span class='ocrx_word' id='word_1_111' title='bbox 439 1595 565 1662; x_wconf 88' lang='lat' dir='ltr'>Nostro</span> <span class='ocrx_word' id='word_1_112' title='bbox 578 1605 628 1662; x_wconf 90' lang='lat' dir='ltr'>est</span> <span class='ocrx_word' id='word_1_113' title='bbox 651 1597 807 1662; x_wconf 89' lang='lat' dir='ltr'>habenda</span> <span class='ocrx_word' id='word_1_114' title='bbox 822 1597 943 1661; x_wconf 91' lang='lat' dir='ltr'>devote</span> <span class='ocrx_word' id='word_1_115' title='bbox 959 1597 1177 1678; x_wconf 80' lang='lat' dir='ltr'>interfuerint,</span> <span class='ocrx_word' id='word_1_116' title='bbox 1197 1606 1231 1662; x_wconf 91' lang='lat' dir='ltr'>et</span> <span class='ocrx_word' id='word_1_117' title='bbox 1255 1600 1311 1662; x_wconf 90' lang='lat' dir='ltr'>uni</span> 
     </span>
     <span class='ocr_line' id='line_1_14' title="bbox 206 1699 1311 1785; baseline -0.002 -17"><span class='ocrx_word' id='word_1_118' title='bbox 206 1702 374 1768; x_wconf 86' lang='lat' dir='ltr'>extribus</span> <span class='ocrx_word' id='word_1_119' title='bbox 390 1701 509 1767; x_wconf 90' lang='lat' dir='ltr'>diebus</span> <span class='ocrx_word' id='word_1_120' title='bbox 524 1701 778 1785; x_wconf 88' lang='lat' dir='ltr'>supplicationis</span> <span class='ocrx_word' id='word_1_121' title='bbox 787 1701 830 1765; x_wconf 88' lang='lat' dir='ltr'>ad</span> <span class='ocrx_word' id='word_1_122' title='bbox 846 1701 1006 1782; x_wconf 90' lang='lat' dir='ltr'>cuiusque</span> <span class='ocrx_word' id='word_1_123' title='bbox 1018 1699 1124 1766; x_wconf 90' lang='lat' dir='ltr'>fidelis</span> <span class='ocrx_word' id='word_1_124' title='bbox 1140 1702 1311 1766; x_wconf 85' lang='lat' dir='ltr'>arbitrium</span> 
     </span>
     <span class='ocr_line' id='line_1_15' title="bbox 207 1803 1312 1889; baseline -0.001 -18"><span class='ocrx_word' id='word_1_125' title='bbox 207 1806 272 1871; x_wconf 89' lang='lat' dir='ltr'>sibi</span> <span class='ocrx_word' id='word_1_126' title='bbox 284 1805 440 1889; x_wconf 88' lang='lat' dir='ltr'>eligendo</span> <span class='ocrx_word' id='word_1_127' title='bbox 452 1825 528 1870; x_wconf 89' lang='lat' dir='ltr'>vere</span> <span class='ocrx_word' id='word_1_128' title='bbox 540 1805 751 1889; x_wconf 89' lang='lat' dir='ltr'>poenitentes</span> <span class='ocrx_word' id='word_1_129' title='bbox 763 1813 797 1868; x_wconf 89' lang='lat' dir='ltr'>et</span> <span class='ocrx_word' id='word_1_130' title='bbox 806 1803 1005 1882; x_wconf 89' lang='lat' dir='ltr'>consessi,ac</span> <span class='ocrx_word' id='word_1_131' title='bbox 1018 1803 1053 1870; x_wconf 92' lang='lat' dir='ltr'>S.</span> <span class='ocrx_word' id='word_1_132' title='bbox 1066 1805 1312 1870; x_wconf 89' lang='lat' dir='ltr'>Communione</span> 
     </span>
     <span class='ocr_line' id='line_1_16' title="bbox 207 1908 1312 1994; baseline 0.002 -20"><span class='ocrx_word' id='word_1_133' title='bbox 207 1909 324 1975; x_wconf 89' lang='lat' dir='ltr'>resecti</span> <span class='ocrx_word' id='word_1_134' title='bbox 340 1909 523 1989; x_wconf 88' lang='lat' dir='ltr'>ecclesiam,</span> <span class='ocrx_word' id='word_1_135' title='bbox 539 1910 573 1974; x_wconf 94' lang='lat' dir='ltr'>in</span> <span class='ocrx_word' id='word_1_136' title='bbox 595 1929 661 1992; x_wconf 87' lang='lat' dir='ltr'>qua</span> <span class='ocrx_word' id='word_1_137' title='bbox 679 1909 800 1974; x_wconf 81' lang='lat' dir='ltr'>festum</span> <span class='ocrx_word' id='word_1_138' title='bbox 818 1909 935 1992; x_wconf 86' lang='lat' dir='ltr'>agitur,</span> <span class='ocrx_word' id='word_1_139' title='bbox 958 1908 1173 1988; x_wconf 86' lang='lat' dir='ltr'>visitaverint,</span> <span class='ocrx_word' id='word_1_140' title='bbox 1199 1911 1312 1994; x_wconf 89' lang='lat' dir='ltr'>ibique</span> 
     </span>
     <span class='ocr_line' id='line_1_17' title="bbox 205 2012 1310 2098; baseline 0.002 -21"><span class='ocrx_word' id='word_1_141' title='bbox 205 2033 269 2098; x_wconf 93' lang='lat' dir='ltr'>pro</span> <span class='ocrx_word' id='word_1_142' title='bbox 285 2012 540 2078; x_wconf 89' lang='lat' dir='ltr'>christianorum</span> <span class='ocrx_word' id='word_1_143' title='bbox 557 2013 745 2096; x_wconf 88' lang='lat' dir='ltr'>principum</span> <span class='ocrx_word' id='word_1_144' title='bbox 761 2013 948 2090; x_wconf 90' lang='lat' dir='ltr'>concordia,</span> <span class='ocrx_word' id='word_1_145' title='bbox 971 2013 1146 2078; x_wconf 87' lang='lat' dir='ltr'>haeresum</span> <span class='ocrx_word' id='word_1_146' title='bbox 1163 2015 1310 2098; x_wconf 86' lang='lat' dir='ltr'>extirpa·</span> 
     </span>
     <span class='ocr_line' id='line_1_18' title="bbox 204 2116 1309 2201; baseline 0 -18"><span class='ocrx_word' id='word_1_147' title='bbox 204 2119 307 2197; x_wconf 90' lang='lat' dir='ltr'>tione,</span> <span class='ocrx_word' id='word_1_148' title='bbox 323 2127 535 2201; x_wconf 90' lang='lat' dir='ltr'>peccatorum</span> <span class='ocrx_word' id='word_1_149' title='bbox 550 2117 768 2183; x_wconf 89' lang='lat' dir='ltr'>conversione</span> <span class='ocrx_word' id='word_1_150' title='bbox 786 2137 825 2182; x_wconf 94' lang='lat' dir='ltr'>ac</span> <span class='ocrx_word' id='word_1_151' title='bbox 843 2116 877 2183; x_wconf 92' lang='lat' dir='ltr'>S.</span> <span class='ocrx_word' id='word_1_152' title='bbox 894 2117 1014 2182; x_wconf 91' lang='lat' dir='ltr'>Matris</span> <span class='ocrx_word' id='word_1_153' title='bbox 1030 2117 1201 2183; x_wconf 88' lang='lat' dir='ltr'>Ecclesiae</span> <span class='ocrx_word' id='word_1_154' title='bbox 1217 2120 1309 2184; x_wconf 90' lang='lat' dir='ltr'>exal-</span> 
     </span>
     <span class='ocr_line' id='line_1_19' title="bbox 202 2220 1310 2306; baseline -0.002 -17"><span class='ocrx_word' id='word_1_155' title='bbox 202 2223 333 2290; x_wconf 84' lang='lat' dir='ltr'>tatione</span> <span class='ocrx_word' id='word_1_156' title='bbox 347 2223 420 2306; x_wconf 91' lang='lat' dir='ltr'>pias</span> <span class='ocrx_word' id='word_1_157' title='bbox 436 2223 479 2288; x_wconf 90' lang='lat' dir='ltr'>ad</span> <span class='ocrx_word' id='word_1_158' title='bbox 496 2222 607 2286; x_wconf 91' lang='lat' dir='ltr'>Deum</span> <span class='ocrx_word' id='word_1_159' title='bbox 625 2241 739 2305; x_wconf 88' lang='lat' dir='ltr'>preces</span> <span class='ocrx_word' id='word_1_160' title='bbox 754 2220 941 2298; x_wconf 87' lang='lat' dir='ltr'>effuderint,</span> <span class='ocrx_word' id='word_1_161' title='bbox 956 2241 1023 2305; x_wconf 88' lang='lat' dir='ltr'>qua</span> <span class='ocrx_word' id='word_1_162' title='bbox 1034 2222 1106 2285; x_wconf 88' lang='lat' dir='ltr'>vice</span> <span class='ocrx_word' id='word_1_163' title='bbox 1122 2221 1155 2285; x_wconf 94' lang='lat' dir='ltr'>id</span> <span class='ocrx_word' id='word_1_164' title='bbox 1171 2223 1310 2304; x_wconf 84' lang='lat' dir='ltr'>egerint,</span> 
     </span>
     <span class='ocr_line' id='line_1_20' title="bbox 205 2325 1307 2412; baseline -0.003 -20"><span class='ocrx_word' id='word_1_165' title='bbox 205 2327 392 2412; x_wconf 88' lang='lat' dir='ltr'>plenariam</span> <span class='ocrx_word' id='word_1_166' title='bbox 419 2328 570 2391; x_wconf 90' lang='lat' dir='ltr'>omnium</span> <span class='ocrx_word' id='word_1_167' title='bbox 598 2335 811 2408; x_wconf 88' lang='lat' dir='ltr'>peccatorum</span> <span class='ocrx_word' id='word_1_168' title='bbox 842 2345 977 2390; x_wconf 87' lang='lat' dir='ltr'>suorum</span> <span class='ocrx_word' id='word_1_169' title='bbox 1003 2325 1246 2408; x_wconf 83' lang='lat' dir='ltr'>indulgentiam</span> <span class='ocrx_word' id='word_1_170' title='bbox 1274 2337 1307 2389; x_wconf 91' lang='lat' dir='ltr'>et</span> 
     </span>
     <span class='ocr_line' id='line_1_21' title="bbox 206 2429 1305 2497; baseline -0.005 0"><span class='ocrx_word' id='word_1_171' title='bbox 206 2431 437 2497; x_wconf 89' lang='lat' dir='ltr'>remissionem</span> <span class='ocrx_word' id='word_1_172' title='bbox 455 2429 711 2496; x_wconf 89' lang='lat' dir='ltr'>misericorditer</span> <span class='ocrx_word' id='word_1_173' title='bbox 726 2429 760 2492; x_wconf 92' lang='lat' dir='ltr'>in</span> <span class='ocrx_word' id='word_1_174' title='bbox 776 2429 927 2494; x_wconf 89' lang='lat' dir='ltr'>Domino</span> <span class='ocrx_word' id='word_1_175' title='bbox 941 2429 1163 2495; x_wconf 90' lang='lat' dir='ltr'>concedimus.</span> <span class='ocrx_word' id='word_1_176' title='bbox 1181 2429 1305 2494; x_wconf 89' lang='lat' dir='ltr'>Iisdem</span> 
     </span>
     <span class='ocr_line' id='line_1_22' title="bbox 201 2531 1307 2616; baseline -0.006 -14"><span class='ocrx_word' id='word_1_177' title='bbox 201 2555 282 2602; x_wconf 91' lang='lat' dir='ltr'>vero</span> <span class='ocrx_word' id='word_1_178' title='bbox 297 2533 568 2602; x_wconf 88' lang='lat' dir='ltr'>christifidelibus</span> <span class='ocrx_word' id='word_1_179' title='bbox 582 2533 810 2600; x_wconf 87' lang='lat' dir='ltr'>cordesaltem</span> <span class='ocrx_word' id='word_1_180' title='bbox 827 2533 987 2612; x_wconf 91' lang='lat' dir='ltr'>contritis,</span> <span class='ocrx_word' id='word_1_181' title='bbox 1013 2533 1071 2616; x_wconf 93' lang='lat' dir='ltr'>qui</span> <span class='ocrx_word' id='word_1_182' title='bbox 1087 2531 1238 2616; x_wconf 91' lang='lat' dir='ltr'>quolibet</span> <span class='ocrx_word' id='word_1_183' title='bbox 1252 2532 1307 2597; x_wconf 91' lang='lat' dir='ltr'>die</span> 
     </span>
     <span class='ocr_line' id='line_1_23' title="bbox 197 2637 1306 2726; baseline -0.004 -21"><span class='ocrx_word' id='word_1_184' title='bbox 197 2639 391 2726; x_wconf 90' lang='lat' dir='ltr'>praedictae</span> <span class='ocrx_word' id='word_1_185' title='bbox 418 2639 655 2724; x_wconf 89' lang='lat' dir='ltr'>supplicationi</span> <span class='ocrx_word' id='word_1_186' title='bbox 678 2639 800 2704; x_wconf 90' lang='lat' dir='ltr'>devote</span> <span class='ocrx_word' id='word_1_187' title='bbox 826 2638 1015 2704; x_wconf 84' lang='lat' dir='ltr'>adstiterint</span> <span class='ocrx_word' id='word_1_188' title='bbox 1031 2648 1074 2716; x_wconf 91' lang='lat' dir='ltr'>et,</span> <span class='ocrx_word' id='word_1_189' title='bbox 1089 2646 1127 2702; x_wconf 92' lang='lat' dir='ltr'>ut</span> <span class='ocrx_word' id='word_1_190' title='bbox 1142 2657 1241 2721; x_wconf 89' lang='lat' dir='ltr'>supra</span> <span class='ocrx_word' id='word_1_191' title='bbox 1257 2637 1306 2702; x_wconf 92' lang='lat' dir='ltr'>di·</span> 
     </span>
     <span class='ocr_line' id='line_1_24' title="bbox 199 2742 1305 2826; baseline -0.005 -16"><span class='ocrx_word' id='word_1_192' title='bbox 199 2752 293 2810; x_wconf 89' lang='lat' dir='ltr'>ctum</span> <span class='ocrx_word' id='word_1_193' title='bbox 310 2752 371 2822; x_wconf 90' lang='lat' dir='ltr'>est,</span> <span class='ocrx_word' id='word_1_194' title='bbox 385 2743 562 2821; x_wconf 90' lang='lat' dir='ltr'>oraverint,</span> <span class='ocrx_word' id='word_1_195' title='bbox 585 2753 714 2826; x_wconf 89' lang='lat' dir='ltr'>septem</span> <span class='ocrx_word' id='word_1_196' title='bbox 727 2761 834 2808; x_wconf 90' lang='lat' dir='ltr'>annos</span> <span class='ocrx_word' id='word_1_197' title='bbox 849 2743 1058 2826; x_wconf 88' lang='lat' dir='ltr'>totidemque</span> <span class='ocrx_word' id='word_1_198' title='bbox 1073 2742 1305 2825; x_wconf 87' lang='lat' dir='ltr'>quadragenas</span> 
     </span>
     <span class='ocr_line' id='line_1_25' title="bbox 198 2845 1304 2931; baseline -0.005 -17"><span class='ocrx_word' id='word_1_199' title='bbox 198 2851 245 2914; x_wconf 92' lang='lat' dir='ltr'>de</span> <span class='ocrx_word' id='word_1_200' title='bbox 261 2847 416 2914; x_wconf 90' lang='lat' dir='ltr'>iniunctis</span> <span class='ocrx_word' id='word_1_201' title='bbox 429 2847 477 2912; x_wconf 89' lang='lat' dir='ltr'>eis</span> <span class='ocrx_word' id='word_1_202' title='bbox 492 2847 574 2914; x_wconf 89' lang='lat' dir='ltr'>alias</span> <span class='ocrx_word' id='word_1_203' title='bbox 586 2845 840 2931; x_wconf 89' lang='lat' dir='ltr'>quomodolibet</span> <span class='ocrx_word' id='word_1_204' title='bbox 849 2846 1063 2930; x_wconf 88' lang='lat' dir='ltr'>poenitentiis</span> <span class='ocrx_word' id='word_1_205' title='bbox 1076 2845 1227 2910; x_wconf 81' lang='lat' dir='ltr'>informa</span> <span class='ocrx_word' id='word_1_206' title='bbox 1240 2845 1304 2910; x_wconf 90' lang='lat' dir='ltr'>Ec·</span> 
     </span>
     <span class='ocr_line' id='line_1_26' title="bbox 200 2949 1302 3035; baseline -0.005 -17"><span class='ocrx_word' id='word_1_207' title='bbox 200 2952 323 3018; x_wconf 90' lang='lat' dir='ltr'>clesiae</span> <span class='ocrx_word' id='word_1_208' title='bbox 338 2961 498 3018; x_wconf 87' lang='lat' dir='ltr'>consueta</span> <span class='ocrx_word' id='word_1_209' title='bbox 519 2949 719 3018; x_wconf 82' lang='lat' dir='ltr'>relaxamus.</span> <span class='ocrx_word' id='word_1_210' title='bbox 735 2949 829 3035; x_wconf 85' lang='lat' dir='ltr'>Quas</span> <span class='ocrx_word' id='word_1_211' title='bbox 844 2969 962 3015; x_wconf 90' lang='lat' dir='ltr'>omnes</span> <span class='ocrx_word' id='word_1_212' title='bbox 977 2958 1011 3014; x_wconf 92' lang='lat' dir='ltr'>et</span> <span class='ocrx_word' id='word_1_213' title='bbox 1031 2949 1179 3034; x_wconf 90' lang='lat' dir='ltr'>singulas</span> <span class='ocrx_word' id='word_1_214' title='bbox 1195 2949 1302 3014; x_wconf 91' lang='lat' dir='ltr'>indul-</span> 
     </span>
     <span class='ocr_line' id='line_1_27' title="bbox 199 3053 1302 3142; baseline -0.004 -21"><span class='ocrx_word' id='word_1_215' title='bbox 199 3057 342 3142; x_wconf 87' lang='lat' dir='ltr'>gentias,</span> <span class='ocrx_word' id='word_1_216' title='bbox 357 3065 569 3140; x_wconf 88' lang='lat' dir='ltr'>peccatorum</span> <span class='ocrx_word' id='word_1_217' title='bbox 593 3055 805 3121; x_wconf 86' lang='lat' dir='ltr'>remissiones</span> <span class='ocrx_word' id='word_1_218' title='bbox 820 3063 855 3119; x_wconf 90' lang='lat' dir='ltr'>et</span> <span class='ocrx_word' id='word_1_219' title='bbox 876 3054 1155 3138; x_wconf 88' lang='lat' dir='ltr'>poenitentiarum</span> <span class='ocrx_word' id='word_1_220' title='bbox 1172 3053 1302 3118; x_wconf 88' lang='lat' dir='ltr'>relaxa·</span> 
     </span>
     <span class='ocr_line' id='line_1_28' title="bbox 196 3154 1302 3240; baseline -0.006 -13"><span class='ocrx_word' id='word_1_221' title='bbox 196 3162 306 3227; x_wconf 88' lang='lat' dir='ltr'>tiones</span> <span class='ocrx_word' id='word_1_222' title='bbox 336 3161 439 3226; x_wconf 90' lang='lat' dir='ltr'>etiam</span> <span class='ocrx_word' id='word_1_223' title='bbox 476 3159 653 3225; x_wconf 88' lang='lat' dir='ltr'>animabus</span> <span class='ocrx_word' id='word_1_224' title='bbox 685 3157 843 3235; x_wconf 87' lang='lat' dir='ltr'>fidelium,</span> <span class='ocrx_word' id='word_1_225' title='bbox 870 3177 955 3240; x_wconf 89' lang='lat' dir='ltr'>quae</span> <span class='ocrx_word' id='word_1_226' title='bbox 986 3157 1062 3221; x_wconf 91' lang='lat' dir='ltr'>Deo</span> <span class='ocrx_word' id='word_1_227' title='bbox 1098 3157 1132 3221; x_wconf 91' lang='lat' dir='ltr'>in</span> <span class='ocrx_word' id='word_1_228' title='bbox 1163 3154 1302 3221; x_wconf 89' lang='lat' dir='ltr'>caritate</span> 
     </span>
     <span class='ocr_line' id='line_1_29' title="bbox 196 3259 1302 3346; baseline -0.005 -16"><span class='ocrx_word' id='word_1_229' title='bbox 196 3262 395 3330; x_wconf 88' lang='lat' dir='ltr'>coniunctae</span> <span class='ocrx_word' id='word_1_230' title='bbox 415 3264 459 3330; x_wconf 94' lang='lat' dir='ltr'>ab</span> <span class='ocrx_word' id='word_1_231' title='bbox 474 3263 537 3328; x_wconf 92' lang='lat' dir='ltr'>hac</span> <span class='ocrx_word' id='word_1_232' title='bbox 563 3263 636 3328; x_wconf 93' lang='lat' dir='ltr'>luce</span> <span class='ocrx_word' id='word_1_233' title='bbox 663 3263 887 3346; x_wconf 84' lang='lat' dir='ltr'>migraverint,</span> <span class='ocrx_word' id='word_1_234' title='bbox 915 3281 974 3344; x_wconf 92' lang='lat' dir='ltr'>per</span> <span class='ocrx_word' id='word_1_235' title='bbox 990 3262 1128 3327; x_wconf 91' lang='lat' dir='ltr'>modum</span> <span class='ocrx_word' id='word_1_236' title='bbox 1153 3259 1302 3343; x_wconf 80' lang='lat' dir='ltr'>suffragii</span> 
     </span>
     <span class='ocr_line' id='line_1_30' title="bbox 198 3364 1301 3454; baseline -0.005 -20"><span class='ocrx_word' id='word_1_237' title='bbox 198 3368 360 3454; x_wconf 89' lang='lat' dir='ltr'>applicari</span> <span class='ocrx_word' id='word_1_238' title='bbox 376 3388 474 3452; x_wconf 88' lang='lat' dir='ltr'>posse</span> <span class='ocrx_word' id='word_1_239' title='bbox 489 3367 712 3451; x_wconf 87' lang='lat' dir='ltr'>indulgemus,</span> <span class='ocrx_word' id='word_1_240' title='bbox 727 3365 962 3433; x_wconf 86' lang='lat' dir='ltr'>Praesentibus</span> <span class='ocrx_word' id='word_1_241' title='bbox 978 3364 1041 3430; x_wconf 93' lang='lat' dir='ltr'>hoc</span> <span class='ocrx_word' id='word_1_242' title='bbox 1067 3384 1157 3430; x_wconf 86' lang='lat' dir='ltr'>anno</span> <span class='ocrx_word' id='word_1_243' title='bbox 1170 3373 1301 3430; x_wconf 90' lang='lat' dir='ltr'>tantum</span> 
     </span>
     <span class='ocr_line' id='line_1_31' title="bbox 195 3471 355 3540; baseline 0.006 -2"><span class='ocrx_word' id='word_1_244' title='bbox 195 3471 355 3540; x_wconf 86' lang='lat' dir='ltr'>valituris.</span> 
     </span>
    </p>

    <p class='ocr_par' dir='ltr' id='par_1_6' title="bbox 249 3571 1303 3658">
     <span class='ocr_line' id='line_1_32' title="bbox 249 3571 1303 3658; baseline -0.008 -17"><span class='ocrx_word' id='word_1_245' title='bbox 249 3576 377 3642; x_wconf 90' lang='lat' dir='ltr'>Datum</span> <span class='ocrx_word' id='word_1_246' title='bbox 395 3575 526 3641; x_wconf 88' lang='lat' dir='ltr'>Romae</span> <span class='ocrx_word' id='word_1_247' title='bbox 544 3575 634 3658; x_wconf 89' lang='lat' dir='ltr'>apud</span> <span class='ocrx_word' id='word_1_248' title='bbox 656 3573 689 3642; x_wconf 89' lang='lat' dir='ltr'>S.</span> <span class='ocrx_word' id='word_1_249' title='bbox 707 3575 841 3640; x_wconf 88' lang='lat' dir='ltr'>Petrum</span> <span class='ocrx_word' id='word_1_250' title='bbox 857 3574 920 3638; x_wconf 92' lang='lat' dir='ltr'>sub</span> <span class='ocrx_word' id='word_1_251' title='bbox 942 3571 1043 3636; x_wconf 90' lang='lat' dir='ltr'>anulo</span> <span class='ocrx_word' id='word_1_252' title='bbox 1056 3571 1234 3637; x_wconf 88' lang='lat' dir='ltr'>Piscatoris</span> <span class='ocrx_word' id='word_1_253' title='bbox 1249 3571 1303 3636; x_wconf 92' lang='lat' dir='ltr'>die</span> 
     </span>
    </p>
   </div>
   <div class='ocr_carea' id='block_1_6' title="bbox 200 3675 1223 3866">
    <p class='ocr_par' dir='ltr' id='par_1_7' title="bbox 200 3675 1223 3866">
     <span class='ocr_line' id='line_1_33' title="bbox 200 3675 1223 3762; baseline -0.006 -16"><span class='ocrx_word' id='word_1_254' title='bbox 200 3699 225 3762; x_wconf 90' lang='lat'>4</span> <span class='ocrx_word' id='word_1_255' title='bbox 240 3679 355 3746; x_wconf 88' lang='lat' dir='ltr'>Martii</span> <span class='ocrx_word' id='word_1_256' title='bbox 375 3681 467 3760; x_wconf 82' lang='lat'>1891,</span> <span class='ocrx_word' id='word_1_257' title='bbox 479 3677 696 3744; x_wconf 87' lang='lat' dir='ltr'>Pontificatus</span> <span class='ocrx_word' id='word_1_258' title='bbox 713 3678 828 3744; x_wconf 88' lang='lat' dir='ltr'>Nostri</span> <span class='ocrx_word' id='word_1_259' title='bbox 844 3696 933 3743; x_wconf 86' lang='lat' dir='ltr'>anno</span> <span class='ocrx_word' id='word_1_260' title='bbox 949 3675 1081 3741; x_wconf 90' lang='lat' dir='ltr'>decimo</span> <span class='ocrx_word' id='word_1_261' title='bbox 1096 3685 1223 3760; x_wconf 89' lang='lat' dir='ltr'>quarto.</span> 
     </span>
     <span class='ocr_line' id='line_1_34' title="bbox 658 3794 1218 3866; baseline -0.005 -3"><span class='ocrx_word' id='word_1_262' title='bbox 658 3799 704 3863; x_wconf 92' lang='lat' dir='ltr'>M.</span> <span class='ocrx_word' id='word_1_263' title='bbox 717 3799 832 3866; x_wconf 78' lang='lat' dir='ltr'><strong>CARD.</strong></span> <span class='ocrx_word' id='word_1_264' title='bbox 845 3794 1218 3862; x_wconf 88' lang='lat' dir='ltr'><strong>LEDOCHOWSKI.</strong></span> 
     </span>
    </p>
   </div>
   <div class='ocr_carea' id='block_1_7' title="bbox 0 0 1682 4938">
    <p class='ocr_par' dir='ltr' id='par_1_8' title="bbox 0 0 1682 4938">
     <span class='ocr_line' id='line_1_35' title="bbox 0 0 1682 4938; baseline 0 1"><span class='ocrx_word' id='word_1_265' title='bbox 0 0 1682 4938; x_wconf 95' lang='lat' dir='ltr'> </span> 
     </span>
    </p>
   </div>
  </div>
 </body>
</html>
