1006 1419
209 169 235 182 De
244 167 320 181 SYNODO
329 168 470 181 PATRIARCHALI
479 168 553 181 ARMEN.
565 168 650 182 murm(

163 217 208 234 quae
221 212 243 228 ad
255 212 356 228 catholicam
368 212 462 228 doctrinm
476 214 493 228 et
505 212 588 229 unitatem
601 213 650 229 latius

163 238 270 260 gandam&
276 242 340 254 errores
347 237 467 258 profligandos,
475 238 496 254 ad
505 238 632 258 restituendam,
645 244 650 254 ι

163 264 212 285 lapsa
219 264 246 283 sit,
253 263 384 280 ecelesiasticam
393 263 504 284 disciplinam.
514 264 535 280 sd
544 269 599 280 mores
607 265 649 280 corr}

162 290 185 306 ad
194 290 317 311 procurandam
330 289 359 306 ubi
373 294 416 310 opus
426 292 457 308 est,
470 294 529 310 pacem
543 290 650 311 animorumq

162 316 238 332 cordiam
256 315 347 335 pertinent>
368 315 387 331 ln
407 315 448 331 haec
466 320 526 332 omnes
541 321 589 332 curas
608 319 650 332 vesti

163 342 286 363 impendendas
295 346 329 357 non
335 341 437 361 dubitamus,
444 341 553 358 Venerabiles
563 342 635 361 Fratres,
642 347 650 358 e

163 368 246 384 habemus
253 367 316 387 omnia,
323 367 418 388 opitulante
426 367 468 386 Deo,
476 372 556 388 prospere
561 373 632 384 cessura.

186 393 302 414 Quamobrem
310 398 344 409 non
358 393 399 409 satis
407 393 527 409 commendare
539 398 633 414 possumus,
645 399 650 410 ι

164 425 174 435 a
182 419 249 435 Nostris
257 419 413 440 praedecessoribus
421 419 447 435 vel
459 424 469 435 a
483 419 537 435 Nobis
544 422 562 435 et
569 420 621 436 etiam
634 425 645 436 a

164 448 201 462 rata
213 445 277 461 Nostra
290 445 427 466 Congregatione
439 450 470 466 pro
483 445 516 461 isto
530 445 643 466 patriarchatu

165 473 205 487 sunt
212 476 252 492 prae
258 470 311 487 oculis
319 470 395 487 habeatis
403 473 420 487 et
426 471 487 487 servari
495 471 560 487 curetis.
570 472 650 488 Praeserti

164 497 275 518 synodalibus
294 497 409 513 sanctionibus
425 497 515 513 decernere
533 497 610 518 satagite,
627 500 646 513 ut

164 525 230 539 vestiae
238 527 288 539 curae
299 522 391 539 concrediti
404 522 481 538 caelestis
493 522 580 539 doctrinae
593 523 650 544 pabul<

164 549 232 569 saepius
241 548 336 565 nutriantur
343 553 373 569 per
387 548 488 564 catechesim
505 549 592 569 sanctique
598 548 650 565 Chris}

164 574 204 595 gelii
212 574 348 595 explicationem.
361 574 421 590 diebus
433 574 530 595 praesertim
543 574 632 591 dominicis
644 580 650 591 ε

165 600 268 616 solemnibus
280 600 298 616 in
310 600 384 616 ecclesiis
396 600 495 616 tradendam
506 605 535 621 per
549 600 631 621 parochos
644 606 650 617 ε

166 626 262 642 sacerdotes
270 631 280 642 a
286 626 334 642 vobis
342 626 443 647 probandos,

188 652 228 673 Quo
241 654 298 668 autern
310 652 368 668 omnia
380 652 411 668 rite
425 655 442 668 et
454 657 464 668 e
477 652 562 668 sententia
574 652 620 672 fiant¹
630 655 648 669 tu

165 681 211 694 tecta
218 680 281 699 perstet
295 678 385 699 unicuique
392 680 466 694 vestrum
474 678 556 694 canonica
568 678 585 694 in
597 679 650 699 synod

165 707 197 724 tas,
209 709 253 725 quae
266 704 362 725 ceteroquin
377 709 454 721 normam
468 705 539 725 accipiet
553 705 575 721 ab
582 704 650 721 instruct

165 735 195 751 per
207 733 317 746 memoratam
325 730 479 751 Congregationem
488 731 537 750 datis,
549 733 567 747 et
574 731 596 747 ab
604 731 650 747 omni

165 759 222 772 curate
234 756 319 772 servandis
327 762 332 776 ;
339 759 375 772 tum
387 759 425 773 acta
437 761 457 772 ac
465 757 533 773 decreta
542 757 602 777 synodi
611 757 632 773 ad
642 763 650 773 e

165 781 318 802 Congregationem
327 782 416 798 mittantur
423 782 524 798 auctoritate
533 783 595 799 Nostra
606 788 650 804 expe

164 811 181 823 et
189 808 303 824 diiudicanda.

188 833 238 855 Quod
253 836 334 855 superest,
348 834 459 850 Venerabiles
479 834 551 854 Fratres,
571 835 650 851 ministeri

163 862 217 875 strum
231 859 309 880 implete3
321 859 397 876 laborate
410 862 429 876 ut
440 860 480 876 boni
495 860 558 876 milites
573 860 640 880 Christi,

164 886 250 906 placeatis,
257 886 284 902 cui
296 891 326 902 vos
334 886 423 907 probastis,
436 886 474 902 Deo
481 886 545 902 scilicet
553 889 570 903 et
577 886 650 903 Ecclesia

165 916 198 932 que
206 912 251 927 idem
259 912 329 932 sapiatis
336 912 414 928 eamdem
422 912 522 928 enaritatem
537 912 623 932 habentes,
632 918 650 928 ur

166 937 239 958 idipsum
247 938 344 957 sentientes,
350 938 460 959 animumque
468 938 550 954 Nostrum
559 941 585 954 tot
593 938 650 959 undiqi

165 968 203 979 sum
215 963 355 980 sollicitudinibus
367 964 483 983 consolamini.
489 966 562 980 vestram
573 964 628 980 Nobis
639 964 649 980 fi

165 989 273 1005 devotionem
282 990 416 1010 comprobantes.

188 1015 232 1032 Cum
240 1020 280 1031 vero
291 1020 345 1036 neque
356 1015 385 1036 qui
393 1015 460 1036 plantat
467 1015 489 1032 sit
497 1015 566 1036 aliquid,
574 1021 629 1037 neque
636 1021 650 1037 q*

165 1041 195 1057 sed
202 1041 231 1062 qui
243 1041 364 1057 incrementum
378 1041 408 1057 dat
424 1041 476 1061 Deus,
483 1042 539 1062 ipsum
548 1042 599 1058 enixe
606 1043 649 1063 adpr

165 1070 182 1083 et
188 1067 210 1083 ab
218 1067 297 1083 omnibus
305 1067 382 1083 fidelibus
392 1068 498 1084 exorandum
510 1070 573 1087 curate,
585 1068 650 1084 concilii

165 1092 245 1109 adhibitis
260 1093 359 1114 praeprimis
378 1093 486 1109 immaculata
506 1093 538 1109 Dei
557 1093 638 1114 genitrice

165 1119 227 1135 deinde
239 1118 301 1140 insigni
313 1122 369 1135 vestro
381 1122 453 1140 patrono
461 1119 557 1140 Christique
566 1119 650 1140 gloriosox

165 1144 248 1166 Gregorio
260 1144 380 1161 1lluminatore.
393 1154 415 1157 —
427 1145 464 1161 Nos
472 1145 523 1161 etiarn
532 1145 549 1161 in
563 1145 650 1162 humilitat

166 1171 224 1187 Nostri
233 1170 289 1187 Deum
297 1171 347 1187 enixe
359 1171 422 1191 precari
436 1176 469 1187 non
483 1171 585 1191 desinemus,
598 1174 616 1188 ut
629 1177 650 1188 vu
