3354 4938
398 299 467 370 168
521 316 628 370 noro
648 316 808 372 PROPRIO
829 305 848 334 ‘¹
869 317 919 370 ur
937 317 1132 370 uvsrrcnn
1150 317 1322 370 sponsam
1346 351 1368 382 ‚,

251 545 368 604 mm
392 495 494 561 sterio
509 515 549 561 ea
575 496 691 562 omnia
706 505 956 580 praestarentur
970 515 1056 579 quae
1083 495 1229 579 suscepti
1244 495 1355 579 operis
1375 501 1499 559 ,natura

165 621 166 624 ¹
233 605 273 677 ‚R
287 606 366 652 Fran·
392 599 531 684 flagitat,
543 598 649 684 iisque
664 599 885 683 praefecimus
901 599 1008 664 virum
1025 598 1071 663 rei
1080 599 1326 666 astronomicae
1337 606 1373 661 et
1384 596 1500 680 physi-

213 679 304 770 ῗῖἷῖἷ
315 723 368 768 cn-
391 723 452 770 cae
466 702 735 781 scientissimum,
752 704 787 768 P.
799 702 1013 767 Francr'scum
1025 703 1141 767 Densa
1156 723 1201 766 ex
1217 701 1345 766 clericis
1367 700 1497 783 regula-

215 784 367 888 fffflm
391 807 482 872 ribus
499 805 533 872 S.
549 806 654 884 Pauli,
668 806 859 872 Bamabitis
874 807 1085 890 nuncupatis.
1103 807 1236 872 Horum
1246 805 1410 870 industria
1422 802 1497 870 lreti

213 901 323 961 Wst‘f‘·
391 910 533 976 libenter
548 911 726 976 annuimus
741 911 944 976 Vaticanam
968 910 1138 994 speculam
1154 911 1187 974 in
1211 910 1407 974 societatem
1423 927 1498 990 par·

391 1022 528 1097 temque
562 1015 672 1096 operis
699 1015 809 1079 vocari
841 1033 918 1079 cum
934 1013 1008 1078 aliis
1035 1014 1308 1097 praeclarissimis
1334 1012 1499 1078 institutis

392 1117 439 1181 rei
453 1119 698 1183 astronomicae
713 1117 949 1200 provehendae
970 1118 1123 1197 addictis,
1143 1119 1264 1202 quibus
1287 1117 1497 1200 propositum

392 1228 444 1284 est
458 1219 591 1284 tabulas
606 1221 889 1304 photographicas
898 1219 1061 1285 conficere
1076 1240 1164 1304 quae
1178 1221 1283 1284 totius
1294 1219 1388 1297 caeli,
1397 1227 1499 1301 prout

393 1324 478 1388 nitet
501 1324 730 1408 frequentibus
757 1324 863 1390 stellis
887 1344 1114 1408 conspersum,
1135 1333 1291 1389 accurate
1316 1322 1498 1406 imaginem

392 1425 545 1492 referant.
561 1426 731 1511 -Quum
756 1437 870 1493 autern
897 1437 1091 1512 susceptum
1108 1448 1129 1491 a
1146 1427 1255 1492 Nobis
1278 1446 1365 1510 opus
1384 1427 1418 1490 in
1434 1424 1500 1491 hac

299 1562 369 1622 Lm,
393 1529 529 1614 specula
550 1531 755 1596 restituenda
776 1551 844 1595 non
866 1530 958 1596 brevi
974 1532 1118 1610 interire,
1139 1531 1197 1596 sed
1213 1540 1413 1614 perpetuum
1429 1526 1501 1592 fieri

217 1624 292 1676 '‘m'‘
332 1627 370 1691 ⁶⁸?
393 1642 558 1716 optemus,
575 1633 683 1716 legem
699 1635 730 1699 ei
753 1634 908 1700 dedimus
924 1655 1011 1718 quae
1038 1635 1170 1716 regulas
1186 1633 1392 1716 praescribit,
1416 1651 1500 1715 quas

217 1695 370 1788 {g‘mffl
394 1736 428 1800 in
445 1738 543 1802 rebus
567 1737 612 1800 ibi
627 1738 782 1820 gerendis
809 1759 848 1802 ac
865 1737 1058 1803 ministeriis
1077 1737 1243 1804 obeundis
1268 1735 1392 1802 servari
1407 1734 1501 1800 volu·

220 1806 301 1846 mm
396 1858 480 1906 mus.
490 1839 676 1906 Consilium
692 1851 865 1924 praeterea
880 1841 1115 1907 constituimus
1130 1843 1276 1907 virorum
1305 1839 1502 1905 lectissimo·

398 1963 470 2009 rum
482 1963 584 2027 penes
596 1946 687 2028 quod
704 1965 837 2010 summa
855 1946 898 2009 sit
914 1946 1018 2011 totius
1040 1946 1086 2010 rei
1099 1945 1294 2023 moderatio,
1303 1952 1338 2009 et
1349 1944 1503 2008 maxima

398 2059 476 2133 post
491 2058 640 2116 nostram
652 2060 803 2135 potestas
814 2053 848 2116 in
865 2052 1007 2135 iisquae
1017 2059 1172 2135 spectant
1187 2051 1354 2116 internum
1367 2050 1440 2114 eius
1448 2070 1503 2115 or·

222 2217 251 2264 k,
333 2217 366 2262 Η
400 2154 513 2219 dinem
524 2154 1048 2221 decemendis.-Iamverohanc
1061 2154 1169 2236 legem
1183 2164 1216 2218 et
1229 2153 1294 2218 hoc
1306 2151 1505 2231 Consilium,

223 2231 285 2324 135}
322 2231 376 2322 ωἰιῖ
400 2278 468 2323 non
481 2277 575 2322 secus
586 2277 626 2321 ac
641 2257 845 2323 delationem
858 2257 1025 2323 variorum
1037 2277 1211 2322 munerum
1223 2266 1259 2322 et
1273 2256 1403 2341 reliqua
1416 2275 1505 2340 quae

215 2337 312 2396 firmat.
402 2360 574 2444 hucusque
593 2361 684 2424 iussu
700 2361 752 2425 vel
769 2380 934 2426 consensu
954 2359 1080 2425 Nostro
1099 2359 1186 2424 circa
1203 2359 1403 2425 Vaticanam
1427 2377 1505 2442 spe·

399 2462 508 2528 culam
524 2473 600 2529 acta
615 2472 702 2541 sunt,
716 2483 777 2548 per
787 2463 891 2538 ¹hasce
903 2463 1031 2529 litteras
1047 2462 1243 2528 solemniter
1257 2460 1505 2541 confirmamus,

398 2585 539 2649 eamque
555 2566 588 2629 in
605 2567 724 2632 eodem
740 2567 858 2631 ordine
872 2566 987 2632 haberi
1004 2567 1158 2631 volumus
1181 2585 1258 2632 cum
1274 2565 1349 2629 aliis
1365 2561 1504 2630 Pontifi-

397 2668 457 2732 ciis
471 2669 633 2734 institutis
653 2689 740 2754 quae
762 2669 975 2736 scientiarum
991 2669 1208 2736 colendarum
1232 2687 1352 2734 caussa
1366 2669 1506 2732 condita

398 2780 483 2836 sunt
503 2773 578 2837 Imo
594 2787 661 2856 quo
686 2771 812 2839 firmius
827 2775 938 2857 operis
956 2773 1134 2839 stabilitati
1160 2772 1388 2851 consulamus,
1403 2791 1503 2854 pecu·

398 2876 473 2940 niae
488 2877 556 2941 vim
584 2875 693 2940 eidem
709 2877 922 2942 attribuimus
948 2876 1042 2943 cuius
1066 2877 1194 2942 reditus
1218 2884 1375 2959 sumptus
1393 2873 1505 2940 eidem

399 2982 563 3046 servando
589 2980 784 3064 tuendoque
808 2982 965 3048 decenter
985 2983 1191 3048 necessarios
1209 2979 1411 3065 suppeditet.
1438 2980 1506 3045 Ta·

401 3085 498 3150 metsi
526 3085 634 3168 magis
663 3105 765 3169 quam
796 3085 953 3150 humanis
982 3085 1166 3169 praesidiis,
1195 3085 1276 3149 illud
1308 3095 1435 3150 tectum
1465 3085 1506 3149 iri

275 3233 376 3280 pamm
401 3187 588 3272 florensque
603 3187 673 3254 sore
687 3188 890 3254 confidimus
905 3190 1018 3255 favore
1034 3198 1068 3255 et
1082 3209 1149 3272 ope
1163 3189 1407 3272 omnipotentis
1424 3189 1508 3268 Dei;

225 3293 367 3360 „nannen-
400 3309 547 3375 namque
559 3292 593 3355 in
603 3311 644 3356 eo
655 3293 884 3376 aggrediendo
898 3312 967 3357 non
980 3291 1083 3357 modo
1093 3291 1306 3356 incrementis
1316 3291 1508 3356 studuimus

224 3355 319 3399 tiaram
332 3365 375 3409 Ju-

223 3411 375 3481 maeiflsmr-
400 3395 559 3460 scientiae
577 3397 791 3478 praenobilis,
816 3417 904 3481 quae
920 3397 1113 3464 mortalium
1136 3397 1267 3462 animos
1283 3416 1364 3479 prae
1387 3396 1508 3462 ceteris

223 3469 315 3576 m}
338 3474 374 3514 Μ’
399 3498 556 3563 humanis
575 3499 762 3582 disciplinis
779 3500 821 3564 ad
837 3520 947 3566 rerum
963 3499 1159 3566 caelestium
1184 3499 1509 3582 contemplationem

221 3590 287 3718 ἐξὲξ
298 3587 373 3691 Ἦ
398 3603 506 3688 erigit,
521 3603 579 3668 sed
596 3604 678 3669 illud
704 3605 882 3688 praecipue
898 3605 1012 3670 animo
1033 3604 1241 3671 intendimus
1256 3605 1349 3687 quod
1366 3603 1411 3669 ab
1426 3605 1510 3688 ipsis

223 3705 373 3754 ΝΜ·
400 3707 516 3773 Nostri
533 3706 754 3773 Pontificatus
766 3708 916 3775 exordiis
927 3719 1132 3789 constanter,
1142 3707 1201 3773 ubi
1209 3708 1291 3773 data
1303 3715 1355 3772 est
1365 3710 1510 3789 occasio,

222 3767 294 3814 Μ’
399 3810 520 3890 verbis,
548 3809 683 3892 scriptis
714 3811 881 3892 rebusque
907 3811 1012 3894 gestis
1037 3821 1208 3895 praestare
1238 3809 1348 3875 adnisi
1381 3830 1509 3890 sumna,

399 3931 514 3977 curare
529 3911 665 3990 scilicet,
687 3920 724 3977 ut
740 3913 897 3977 omnibus
913 3933 1110 3996 persuasum
1131 3915 1176 3978 sit
1202 3913 1391 3979 Ecclesiam
1420 3911 1509 3978 eius-

399 4036 466 4099 que
491 4018 655 4095 Pastores,
675 4025 777 4099 prout
792 4016 888 4082 initio
913 4017 1073 4096 diximus,
1089 4037 1157 4082 non
1173 4018 1285 4082 odisse
1296 4035 1411 4081 veram
1428 4017 1508 4082 soli·

398 4119 545 4203 damque
561 4121 737 4186 scientiam
753 4139 830 4185 cum
847 4119 1036 4185 divinarum
1052 4129 1126 4184 tum
1145 4119 1368 4184 humanarum
1386 4139 1511 4202 rerum,

399 4223 458 4287 sed
486 4243 560 4288 eam
576 4225 760 4308 complecti
785 4234 820 4290 et
836 4224 959 4302 fovere,
982 4233 1016 4289 et
1043 4243 1110 4308 qua
1136 4223 1249 4288 valent
1264 4243 1329 4307 ope
1356 4223 1512 4290 studiose

400 4326 590 4408 provehere.
