3352 4926
239 865 263 914 t.
282 861 488 914 nrnrnrtes
510 861 796 922 ueneror-rcus,
824 861 865 912 <10
890 863 1025 926 couegio
1049 864 1242 916 noricorum
1277 807 1312 838 ι’

205 951 427 1002 nohemorum
437 949 471 998 ln
486 949 571 1000 Urbe
583 948 766 1000 condendo.
781 973 816 983 -
829 949 843 997 1
857 949 997 1000 ianuar.
1014 947 1096 1000 18⁹0
1135 985 1235 1003 ......

309 1039 430 1093 Munere
450 1053 584 1108 supremo
603 1039 734 1109 fungens,
753 1039 884 1094 Pontifex
906 1040 941 1094 de
964 1039 1139 1096 instituendo
1162 1042 1239 1098 clero

272 1115 417 1182 sollicitus,
430 1116 588 1186 praeserrim
600 1117 638 1172 de
651 1117 777 1188 collegiis
789 1120 931 1172 variarum
953 1119 1101 1174 nationum
1134 1121 1239 1177 Romae

273 1197 439 1265 condendis,
456 1198 656 1255 auxiliantibus
672 1199 817 1256 cardinali
826 1200 1098 1272 Archiep.Prngensi
1109 1213 1136 1257 et
1147 1203 1240 1272 Impe-

274 1289 367 1332 ratore
377 1276 508 1344 Austriae,
523 1277 660 1347 Regeque
674 1279 829 1340 Bohemiae,
857 1278 1009 1348 collegium
1036 1279 1239 1350 Bohemornm,

274 1355 303 1410 in
313 1355 423 1426 privata
430 1355 516 1410 domo
528 1356 704 1426 inchoatum,
720 1359 749 1411 in
758 1357 835 1412 aedes
843 1359 881 1412 ad
891 1359 918 1413 S.
930 1358 953 1411 F
956 1358 1093 1413 ranciscae
1101 1360 1242 1414 Romanae

273 1434 331 1489 suis
351 1433 510 1504 sumptibus
538 1437 718 1505 translatum,
741 1451 793 1507 spe
817 1437 928 1492 eximiae
948 1437 1103 1507 juventutis
1128 1438 1239 1508 ductus,

271 1529 384 1570 necnon
401 1514 488 1570 totius
509 1514 657 1569 Bohemiae
683 1516 754 1570 votis
771 1517 981 1584 obsecundans,
1005 1516 1144 1571 canonice
1156 1517 1239 1586 erigit

276 1609 327 1649 1-2.
340 1621 376 1632 -
391 1591 538 1648 Boberniae
562 1593 771 1664 Episcoporum
793 1611 861 1650 cura
874 1595 911 1648 sit
923 1595 1026 1650 eodem
1039 1594 1077 1650 ad
1097 1612 1240 1650 summurn

272 1673 389 1744 triginta
404 1673 534 1727 alumnos
543 1672 674 1742 egregios
684 1673 816 1728 mittendi
827 1675 976 1742 3.-Ratio
987 1673 1145 1729 studiorum
1155 1685 1242 1746 atque

273 1754 586 1812 moruminstructionis
597 1755 680 1824 hujus
688 1754 800 1825 collegii
820 1755 988 1812 describitur
1000 1771 1024 1826 3.
1035 1787 1071 1796 -
1081 1757 1241 1813 Ordinandi

273 1833 380 1890 alumni
392 1851 410 1888 a
422 1832 565 1888 communi
579 1850 721 1890 canormm
734 1835 796 1904 lege
809 1835 969 1890 eximuntur
981 1849 1035 1904 3·4.
1046 1835 1242 1907 -Collegr'um

278 1913 475 1968 Urbanianum
485 1928 536 1982 pro
548 1929 648 1967 norma
662 1914 799 1968 habemur
812 1914 878 1968 novi
892 1914 1003 1984 collegii
1014 1927 1042 1979 43
1053 1917 1173 1985 -quod
1186 1917 1242 1970 Bo·

273 1989 377 2047 hemiae
388 1990 539 2046 Antistites
553 2001 661 2060 regent,
673 2008 724 2062 per
736 1993 945 2048 moderatorem
959 1993 996 2048 ab
1009 1993 1118 2048 eisdem
1139 2011 1241 2063 propo·

273 2069 408 2138 nendum,
421 2086 438 2122 a
450 2086 562 2124 summo
575 2087 643 2126 vero
658 2071 796 2126 Pontifice
808 2072 1023 2140 instituendum,
1033 2071 1109 2126 Huic
1122 2072 1240 2141 singulis

274 2149 358 2206 annis
368 2148 515 2219 regiminis
523 2149 662 2204 rationem
675 2150 851 2205 redditurum
860 2151 1005 2216 4.-Adsit
1016 2160 1167 2221 protector,
1178 2168 1242 2206 nec-

275 2246 333 2285 non
354 2227 491 2298 magister
508 2227 660 2298 pietatise,
681 2257 716 2267 -
739 2231 844 2284 Annua
863 2229 991 2284 subsidia
1016 2230 1135 2298 collegio
1151 2231 1242 2285 Bobe-

275 2325 385 2364 morum
395 2307 588 2363 munificentia
598 2308 721 2362 Romani
733 2307 878 2364 Pontificis
887 2307 1067 2377 assignantur
1077 2321 1100 2376 5.
1111 2309 1242 2364 ——Coete·

274 2405 337 2444 rum
353 2387 508 2442 liberalitas
533 2387 683 2441 Bohetniae
693 2397 751 2442 tam
765 2387 870 2442 salubri
884 2388 963 2456 operi
978 2403 1034 2442 non
1047 2387 1168 2442 deluerit
1185 2401 1208 2456 5.

240 2497 269 2547 2.
295 2494 501 2546 LITTERAE
538 2493 810 2556 ENCYCLICAE,
851 2496 892 2546 de
916 2496 1092 2558 praectpuls
1116 2497 1245 2546 clvlurn

211 2580 961 2636 chmsttenorumomclla-lolanuar.1890.

310 2671 477 2727 Posthabita
489 2671 629 2740 sapientia
641 2672 797 2727 christiana
816 2672 913 2728 omnia
922 2673 999 2728 mala
1009 2672 1159 2728 imminent
1170 2673 1195 2726 6.
1209 2701 1245 2711 -

275 2751 441 2822 Progressio
460 2749 489 2804 in
510 2749 610 2805 ordine
634 2751 782 2820 materiali,
802 2753 854 2808 etsi
883 2752 939 2808 hoc
970 2761 1099 2822 tempore
1132 2750 1243 2821 ingens,

256 2847 262 2867 1
275 2831 420 2887 hominem
432 2831 470 2884 ad
483 2829 569 2886 linem
580 2847 672 2899 suum,
686 2833 781 2887 Deum
793 2847 897 2902 nempe
917 2831 1147 2900 cognoscendum
1157 2842 1243 2902 atque

274 2911 436 2978 amandum,
446 2909 801 2980 ducerenequit6.·-ldem
810 2911 925 2966 valetde
938 2910 1074 2966 societate
1082 2911 1244 2980 6.-Quare

274 2991 397 3048 societas
418 2999 534 3044 externa
554 2989 723 3060 provehens,
744 2991 797 3046 sed
819 2991 986 3059 religionem
1005 2989 1162 3058 negligens,
1186 3005 1244 3042 non

275 3087 343 3124 veta
366 3068 488 3124 societas
508 3067 640 3122 habenda
661 3078 705 3122 est
723 3068 747 3122 6.
759 3097 794 3108 -
808 3068 915 3135 Hodie,
936 3084 993 3139 quo
1019 3067 1111 3138 magis
1142 3066 1244 3122 crescit

274 3165 342 3203 cura
354 3163 447 3201 rerum
459 3147 656 3217 corporalium,
669 3162 703 3201 eo
716 3145 810 3202 minor
820 3147 850 3202 lit
859 3146 1003 3216 religionis
1011 3146 1244 3212 sollicitud07.—

276 3227 347 3284 lnde
368 3225 478 3296 injuriae
499 3225 564 3279 fidei
585 3225 746 3280 christianae
755 3226 867 3296 publice
895 3226 981 3280 illatae
1000 3239 1024 3292 7.
1039 3255 1073 3264 -
1098 3223 1168 3280 lude
1187 3223 1244 3278 dis·

274 3304 553 3372 criminahominum,
561 3302 763 3374 civitatumque
772 3317 796 3370 7.
807 3303 910 3358 —Vim
919 3304 1011 3359 ordini
1020 3303 1126 3359 tuendo
1135 3307 1245 3373 absque

273 3382 534 3454 religionisvinculo
543 3384 682 3453 imparem
691 3400 763 3451 esse,
768 3399 870 3452 graves
877 3384 938 3452 jam
948 3399 1032 3438 casus
1042 3383 1165 3438 docuere
1179 3397 1243 3449 7.-

276 3465 380 3534 Quare,
400 3472 430 3518 ut
442 3461 575 3518 redeatur
597 3472 657 3516 tum
682 3461 710 3516 in
734 3463 843 3531 privata
864 3461 931 3528 vita,
956 3473 1017 3516 tum
1038 3461 1066 3516 in
1080 3463 1194 3532 publica
1207 3461 1244 3516 ad

274 3541 459 3597 christianam
478 3541 657 3610 sapientiam,
671 3540 716 3596 bis
731 3541 844 3595 Litteris
867 3540 997 3595 Pontifex
1021 3540 1115 3595 officia
1147 3541 1244 3596 catho-

274 3621 394 3674 licorum
405 3619 567 3674 describere
580 3618 699 3674 intendit
713 3633 736 3685 7.

312 3698 460 3766 Catholici,
481 3697 538 3754 lide
564 3711 706 3768 suscepta,
728 3697 923 3768 Ecclesiaeque
936 3715 986 3767 per
1013 3698 1106 3766 ipsam
1131 3696 1246 3764 subditi,

276 3777 369 3832 officia
380 3777 434 3831 sibi
443 3777 557 3848 propria
565 3793 714 3847 suscepere
728 3777 752 3832 8.
763 3805 798 3815 -
809 3776 859 3832 Uti
873 3777 943 3831 civis
953 3786 1096 3830 terrenam
1108 3774 1240 3844 patriam,

276 3856 324 3925 ita,
336 3855 394 3910 imo
406 3856 507 3924 magis,
527 3855 683 3910 catholicus
710 3853 871 3910 Ecclesiam
883 3853 1002 3924 diligere
1014 3853 1109 3921 debet,
1123 3853 1246 3923 patriam

275 3935 429 4002 caelestem,
447 3933 476 3987 in
493 3933 574 3988 terris
587 3933 817 4004 peregrinantem
830 3934 853 3986 8.
864 3961 899 3972 -
912 3934 1040 4003 Uterque
1052 3947 1132 3987 amor
1151 3947 1169 3986 a
1181 3933 1246 3986 Deo

276 4023 391 4068 auctore
402 4021 455 4081 est,
467 4012 589 4082 ideoque
602 4014 700 4081 nequit
725 4014 796 4066 alter
820 4029 886 4067 curn
916 4013 1006 4066 altero
1031 4025 1158 4080 pugnare
1171 4009 1196 4064 8,
1210 4037 1244 4048 -

278 4094 408 4162 Pugnant
420 4101 516 4146 tamen
536 4091 699 4162 aliquando,
718 4091 794 4158 dum,
813 4108 849 4145 ex
860 4092 944 4161 culpa
965 4089 1130 4160 reipublicae
1155 4098 1246 4142 recto·

277 4187 348 4240 rum,
358 4171 429 4225 ordo
438 4171 512 4226 inter
524 4181 673 4242 utrumque
685 4171 851 4240 pervertitur
864 4171 918 4238 8·9.
926 4198 962 4208 -·
975 4168 1085 4240 Quibus
1098 4166 1246 4222 incasibus

278 4251 342 4307 Deo
364 4250 555 4306 obediendum
588 4250 680 4319 magis
691 4265 778 4320 quam
790 4249 953 4304 hominibus
963 4263 988 4314 9.
1010 4277 1044 4287 -
1064 4247 1137 4302 Haec
1169 4246 1248 4300 nullo

276 4330 363 4386 modo
373 4329 476 4385 seditio
488 4340 531 4384 est
541 4343 565 4399 n
576 4359 611 4369 -
624 4330 651 4383 N
655 4345 702 4384 arn
715 4328 795 4384 deest
808 4329 971 4398 reipublicae
980 4327 1106 4397 legitima
1117 4335 1246 4396 potestas
