3352 4926
549 275 669 324 INDEX
697 269 944 324 ANALYTICUS.
1228 272 1295 341 301

1248 421 1301 471 Pag.

264 495 348 550 utiles
360 509 426 550 esse
437 493 565 550 declarat
584 494 645 550 363.
664 522 699 531 -
719 492 825 549 Probat
843 503 1013 566 argumenta
1030 491 1151 564 proximi
1165 508 1231 548 con-

264 584 365 629 ventus
378 573 630 630 deliberationibus
643 573 791 643 proposita
803 572 865 642 263.
879 603 914 614 -
925 575 997 630 lnde
1010 573 1107 628 laudat
1121 571 1231 628 institu-

264 663 324 708 tum
337 651 542 708 catholicorum
555 662 746 709 conventuum
769 661 797 707 et
816 654 1002 708 comitatuum
1017 652 1077 720 263.
1096 681 1128 691 -
1145 652 1231 706 Dolet

264 733 369 788 bellum
382 732 411 786 in
427 732 510 786 ltalia
523 730 663 786 Ecclesiae
676 730 796 798 illatum,
815 732 1047 803 collabentesque
1063 748 1158 787 mores
1172 733 1231 799 263

263 812 353 866 —Ad
372 812 435 866 haec
448 813 524 866 mala
537 810 715 866 devincenda
733 811 848 881 egregie
861 812 995 867 cohortes
1007 809 1140 866 catholici
1153 811 1233 866 insti-

264 893 316 946 tuti
326 891 470 959 incedunt,
481 890 621 946 Ecclesiae
631 888 844 960 addictissimae,
853 891 1059 961 virtutibusque
1069 891 1232 946 christianis

264 971 324 1037 364.
341 1001 370 1010 -
380 969 525 1026 Laudatur
537 970 659 1025 societas
672 970 821 1025 catholicae
830 969 996 1040 juventutis,
1009 987 1075 1025 cum
1088 970 1142 1025 hoc
1153 971 1232 1026 insti·

264 1061 334 1119 tuto,
347 1051 427 1121 cujus
439 1050 548 1104 auctrix
560 1049 621 1117 fuit,
630 1048 732 1104 intime
744 1050 897 1119 conjuncta
909 1050 969 1116 264.
980 1080 1015 1089 -
1030 1051 1102 1104 Haec
1115 1051 1232 1120 conjun-

265 1131 322 1185 ctio
332 1130 406 1184 vires
416 1128 542 1200 duplicat
549 1128 703 1198 utriusque,
715 1129 801 1183 modo
806 1129 962 1198 juventutis
972 1130 1095 1184 societas
1107 1129 1150 1184 sui
1161 1130 1232 1200 juris

267 1219 390 1276 maneat,
403 1217 432 1262 et
444 1225 508 1262 eam
523 1207 631 1276 egressi
641 1207 765 1282 uirorum
777 1207 906 1263 instituto
916 1208 1030 1263 sodales
1041 1208 1093 1263 rite
1103 1207 1231 1266 instructi

268 1288 402 1342 continuo
412 1295 581 1357 cooptentur
594 1286 719 1354 264·265.
730 1315 765 1324 -
774 1285 911 1357 Auspicio
924 1297 952 1342 et
966 1287 1052 1341 ductu
1064 1287 1232 1343 Antistitum

265 1367 423 1422 institutum
442 1375 634 1420 conventuum
655 1363 747 1432 magis
765 1365 914 1436 magisque
933 1365 1106 1420 diffundatur
1119 1366 1178 1437 265.
1196 1396 1232 1406 -

265 1447 331 1501 Zelo
341 1445 546 1500 catholicorum
560 1444 683 1498 virorum
698 1443 826 1498 Pontifex
839 1443 983 1500 benedicit
994 1443 1053 1513 365.

228 1547 275 1598 el.
291 1545 499 1596 EPIsTOLA
513 1544 555 1594 ad
569 1543 839 1607 archiepiscopos
851 1548 884 1595 et
897 1545 1073 1606 Episcopus
1086 1547 1232 1607 aliosque

195 1638 342 1688 iocorum
373 1635 556 1685 ordinarios
586 1635 621 1682 in
641 1633 780 1694 imperio
810 1633 1004 1683 Germanico
1031 1637 1063 1682 et
1094 1634 1232 1686 Austro-

197 1723 398 1787 Hungarlco.
417 1719 465 1770 De
484 1731 588 1782 prava
606 1719 710 1770 duelli
729 1720 976 1771 consuetudine.
991 1746 1027 1755 -
1040 1719 1076 1769 12
1090 1725 1232 1784 septem-

198 1809 380 1863 brisieei..
1200 1810 1303 1864 ..366

301 1887 468 1944 Antistitum
498 1887 571 1942 votis
600 1887 800 1941 obsecundans
827 1887 955 1943 Pontifex
977 1888 1014 1944 de
1039 1889 1232 1944 abominanda

266 1967 351 2022 duelli
362 1965 567 2022 consuetudine
584 1964 679 2020 dicere
694 1965 791 2020 statuit
804 1965 914 2020 366-
926 1967 1055 2038 Utraque
1069 1970 1113 2024 lex
1126 1969 1231 2037 divina,

267 2045 403 2102 naturalis
417 2055 502 2115 atque
512 2045 645 2112 revelata,
655 2045 765 2115 privata
778 2045 840 2100 haec
853 2046 1010 2100 certamina
1028 2047 1153 2116 damnat,
1167 2065 1230 2102 nec·

264 2143 321 2180 non
335 2123 486 2195 disciplina
502 2124 568 2178 vitae
586 2123 677 2178 civilis
697 2123 822 2192 366367.
835 2154 871 2164 -
885 2125 956 2179 lnde
976 2125 1107 2181 Ecclesia
1124 2127 1231 2196 gravis-

264 2206 352 2259 simas
364 2221 465 2274 poenas
477 2203 505 2256 in
520 2219 554 2258 ee
567 2202 697 2259 ineuntes
709 2203 844 2273 decrevit,
856 2203 990 2257 nimirum
997 2205 1159 2259 Alexander
1175 2207 1229 2273 111,

267 2286 327 2352 267,
339 2313 374 2323 -
384 2281 553 2337 Tridentina
563 2283 698 2351 synodus,
712 2283 884 2338 Benedictus
899 2283 970 2336 xiv
984 2281 1044 2348 267,
1055 2310 1090 2319 -
1104 2283 1171 2338 Pius
1189 2284 1230 2336 IX

266 2364 325 2433 267,
338 2391 374 2402 -
389 2363 492 2418 lnanes
510 2371 576 2416 sunt
588 2362 714 2416 rationes
733 2361 836 2433 quibus
848 2362 974 2416 duellum
993 2361 1146 2417 defendere
1164 2377 1230 2416 con·

267 2443 387 2499 tendunt
407 2441 466 2508 267.
485 2469 520 2480 —
534 2439 661 2496 Honoris
682 2440 823 2495 restitutio
841 2449 993 2512 praetextus
1011 2439 1106 2494 falsus.
1144 2441 1233 2495 Ratio

263 2539 330 2577 vero
342 2531 386 2577 est
396 2519 568 2576 damnabilis
578 2518 693 2574 ultionis
706 2519 847 2589 cupiditas
860 2517 984 2584 367-368.
994 2547 1028 2558 -
1044 2519 1147 2590 Neque
1157 2521 1231 2575 valet

263 2611 355 2656 metus
372 2601 449 2668 vulgi
469 2598 620 2668 segnitiem
638 2597 835 2668 exprobrantis
856 2597 915 2652 368.
928 2625 964 2636 -
978 2595 1134 2652 Fallaciam
1153 2600 1229 2668 vulgi

263 2680 453 2752 spernendam
466 2678 520 2749 ipsi
533 2677 638 2733 ethnici
652 2678 775 2732 docuere
789 2677 848 2732 268.
858 2707 893 2716 —
902 2676 1017 2732 Timere
1030 2677 1106 2748 vulgi
1121 2679 1231 2749 opinio·

263 2777 329 2816 nem
342 2776 410 2815 vera
422 2756 566 2826 segnities,
576 2772 710 2826 spernere
722 2758 810 2811 virtus
824 2755 885 2810 368.
894 2785 928 2796 ·-
937 2757 993 2824 Qui
1004 2757 1081 2812 bono
1094 2759 1229 2826 adhaeret,

262 2841 310 2896 ille
322 2857 387 2894 vere
405 2837 485 2893 fortis
498 2846 542 2891 est
560 2835 622 2890 268.
635 2865 671 2874 -
689 2835 778 2890 Recte
792 2835 876 2905 igitur
897 2835 926 2889 in
946 2837 1071 2890 duellum
1083 2853 1135 2908 per
1153 2838 1231 2907 leges

264 2918 361 2975 civiles
374 2917 513 2984 saevhum,
523 2916 579 2969 heu
593 2913 678 2968 nimis
691 2914 775 2969 facile
789 2925 900 2984 spretas
914 2913 973 2968 268.
983 2944 1018 2953 —
1027 2917 1231 2971 Damnandum

264 2999 389 3053 duellum
402 2997 431 3049 in
445 2995 581 3049 militibus
594 3011 676 3064 aeque
689 3010 722 3048 ac
742 2994 770 3047 in
784 2994 888 3062 togatis
908 2995 968 3060 369.
979 3021 1012 3032 -
1033 2995 1132 3050 Manet
1151 2995 1232 3050 inho·

263 3089 361 3134 nestas
374 3077 402 3130 in
416 3092 455 3142 re,
465 3074 572 3129 utilitas
582 3071 695 3144 publica
708 3073 787 3126 nullo
801 3072 887 3127 modo
900 3084 1023 3140 excusat,
1034 3089 1050 3128 e
1063 3083 1161 3129 contra
1171 3076 1231 3144 269.

262 3157 411 3226 -Pugnat
424 3155 550 3208 duellum
563 3169 628 3207 cum
641 3153 808 3207 humaniore
818 3151 895 3206 cultu
906 3151 1054 3222 praesentis
1067 3154 1161 3207 aetatis
1171 3152 1230 3222 269.

262 3266 297 3276 -
310 3233 444 3292 Stimulat
457 3232 586 3287 Pontifex
599 3231 688 3285 zelum
699 3230 874 3298 Antistitum,
889 3239 918 3284 ut
929 3230 1003 3285 hanc
1023 3230 1182 3286 doctrinam
1202 3239 1231 3288 in

262 3332 356 3371 mores
374 3313 519 3379 inducant,
544 3309 702 3383 praesertim
718 3309 863 3379 juvenum.
889 3309 995 3364 Probat
1016 3309 1091 3365 inter
1110 3311 1231 3380 juvenes

261 3394 356 3450 fredus
369 3392 405 3447 de
418 3409 474 3446 nou
494 3390 619 3445 ineundo
632 3388 728 3443 duello
748 3388 806 3457 269.

230 3511 280 3563 62.
303 3507 543 3559 APPENDIX.
565 3507 667 3556 Breve
680 3517 746 3566 quo
764 3503 801 3554 D.
827 3505 946 3554 Joann.
962 3504 1027 3554 dos.
1044 3505 1140 3564 Faict,
1157 3507 1233 3568 Epi-

200 3595 513 3661 scopusBrugensis,
531 3597 721 3644 recurrente
729 3604 817 3642 anno
838 3603 858 3641 a
876 3595 1026 3653 suscepto
1043 3592 1234 3656 episcopatu

195 3683 405 3746 xxv,sacri
423 3681 815 3744 palliihonoreaugetur
1199 3690 1299 3742 ...271

301 3774 475 3830 Recoluntur
493 3773 622 3842 exempla
647 3789 715 3826 usus
737 3769 818 3824 Pallii
841 3768 992 3840 Episcopis
1008 3769 1145 3838 concessi,
1170 3783 1230 3835 ²71·

262 3855 354 3910 -Ob
367 3852 490 3923 insignia
502 3869 554 3906 sua
566 3850 668 3905 merita
681 3848 836 3919 Brugensis
849 3847 953 3918 praesui
970 3846 1061 3901 Pallio
1074 3847 1232 3917 decoratur,

261 3931 413 4005 pastoralis
426 3931 551 3985 numeris
565 3929 702 3998 symbolo.
718 3941 778 3994 271.

227 4035 278 4086 63.
302 4033 510 4084 EPISTOLA
539 4033 582 4083 ad
614 4031 874 4082 Archiabhatem
907 4029 1153 4078 Beuronensem
1190 4029 1229 4078 D.

194 4129 369 4182 Placidum
389 4129 525 4187 wolton,
545 4127 578 4178 Ο.
598 4129 627 4178 S.
647 4127 693 4185 Β..
712 4127 752 4176 de
770 4125 929 4176 laudibus
951 4125 1101 4174 defuncti
1121 4123 1234 4176 fratris

193 4217 315 4276 Mauri,
331 4216 479 4279 ejusdem
505 4215 772 4278 congregationis
786 4212 1017 4262 Fundatoris...
1251 4223 1302 4278 273

301 4306 430 4362 Pontifex
442 4317 538 4377 grates
550 4305 679 4376 rependit
693 4323 744 4377 pro
754 4305 878 4376 acceptis
891 4302 1000 4372 litteris,
1010 4319 1115 4373 easque
1124 4302 1229 4359 laudat.
