3352 4926
538 295 659 347 INDEX
686 294 935 352 ANALYTICUS.

230 531 336 585 nempe
357 513 478 584 antiqua
498 512 589 584 gloria
609 513 704 569 omnis
724 513 892 584 areligione
904 516 1051 572 catholica
1063 519 1199 577 manabat

231 596 273 651 86.
289 595 433 666 -Quare
453 593 609 664 pessimam
631 593 660 648 in
680 593 802 663 patriam
822 595 977 651 committit
992 596 1132 666 rapinam,
1150 600 1200 670 qui

230 691 295 732 eam
308 685 367 730 tarn
387 673 512 730 fecundo
532 672 667 728 thesauro
687 673 814 728 frustrari
835 674 1002 743 aggreditur
1014 677 1057 744 87.
1070 707 1106 718 -
1121 679 1199 734 Peri·

229 755 327 809 culum
348 753 450 822 ingens
471 768 489 806 a
511 751 663 807 socialistis
686 752 825 820 imminet,
837 769 910 823 quos
931 753 1009 808 nulla
1030 755 1074 811 vis
1096 757 1200 827 poterit

229 833 378 892 continere
391 830 446 886 nisi
459 829 558 900 religio
570 830 613 897 87.
623 859 658 870 -
670 832 790 900 Insuper
802 831 878 885 lucta
892 831 985 887 ltaliae
999 849 1063 888 cum
1073 833 1102 890 S.
1114 835 1199 904 Sede,

230 910 346 982 politice
359 908 445 978 priori
459 908 572 964 funesta
593 918 636 964 est
659 908 741 964 valde
754 908 797 963 88.
810 937 846 948 -
859 909 933 966 Haec
947 909 1023 965 lucta
1037 911 1113 970 intus
1124 913 1197 969 scin·

231 989 274 1044 dit
296 990 393 1056 corda,
415 988 507 1057 privat
532 985 662 1044 ordinem
684 987 790 1042 viribus
811 987 973 1044 sanioribus
995 989 1038 1044 88.
1051 1021 1086 1030 -
1108 991 1199 1062 Foris,

234 1068 326 1124 italiae
354 1066 448 1121 reddit
475 1065 593 1120 infestos
618 1075 757 1136 quotquot
782 1066 879 1121 colunt
910 1066 1073 1124 libertatem
1092 1069 1198 1126 Vicarii

233 1147 338 1206 Christi
352 1147 431 1202 88.-
439 1146 487 1200 Eu
497 1161 568 1214 opus
577 1144 851 1200 sectarumexitialel
863 1145 1062 1202 88-Ponatur
1073 1158 1200 1204 econtra

233 1227 349 1282 libertas
363 1226 449 1296 plena
461 1224 600 1280 Ecclesiae
612 1223 654 1278 88.
670 1253 704 1264 -
714 1224 808 1293 Quam
816 1223 883 1279 felix
896 1241 995 1280 rursus
1008 1227 1103 1296 patria
1116 1229 1199 1286 llore-

233 1309 293 1360 ret!
308 1305 350 1361 88.
363 1334 400 1345 -
417 1303 546 1372 Quaestio
567 1302 679 1358 socialis
699 1303 819 1374 pacifice
838 1305 941 1373 soluta,
953 1306 1072 1362 libertas
1085 1308 1200 1377 publica

232 1384 317 1439 bonis
332 1383 459 1438 moribus
469 1391 539 1450 tuta,
559 1383 713 1437 concordia
725 1383 855 1437 restituta
868 1382 942 1438 inter
955 1393 1107 1454 utramque
1121 1396 1201 1455 pote·

233 1473 347 1531 statem,
373 1471 497 1517 rectores
519 1461 665 1516 civitatum
676 1460 780 1530 jurium
805 1477 920 1515 suorum
945 1463 1088 1532 certiores,
1113 1464 1200 1520 totius

232 1540 364 1598 catholici
377 1540 456 1595 orbis
474 1539 563 1594 ltaliae
575 1538 759 1607 reconciliati,
772 1539 862 1594 decus
883 1541 911 1594 S.
928 1541 1011 1596 Sedis
1033 1541 1061 1596 in
1087 1543 1199 1597 ltaliam

234 1621 386 1689 refulgens,
399 1617 478 1673 avita
496 1617 587 1687 gloria
598 1616 732 1684 rediviva,
754 1617 846 1672 Roma
859 1629 945 1688 caput
960 1619 1037 1674 orbis
1049 1619 1198 1675 christiani

233 1701 275 1769 89.
288 1729 319 1739 -
337 1697 447 1770 Optimi
462 1696 561 1768 patriae
583 1695 667 1750 amici
689 1696 822 1751 catholici
835 1711 878 1766 90.
892 1727 926 1737 -
951 1697 1083 1754 Pontifex
1094 1699 1199 1755 excitat

233 1782 321 1835 zelum
345 1777 511 1846 Praesulum,
531 1787 562 1831 ut
584 1775 663 1830 hisce
685 1775 821 1831 doctrinis
840 1793 942 1846 greges
966 1777 1095 1833 imbuant
1107 1793 1150 1846 90.
1164 1809 1199 1819 -

235 1861 342 1926 Sciant,
355 1857 462 1913 nedum
475 1855 597 1924 sectarii,
610 1856 712 1910 saltem
725 1855 820 1926 ignavi
831 1855 951 1925 juvenes
964 1873 1010 1911 res
1023 1857 1060 1912 ad
1072 1859 1199 1927 pessima

234 1938 377 1994 declinare
397 1937 453 1991 nisi
476 1936 532 1990 alia
553 1935 599 1990 via
612 1935 724 1989 ineatur
745 1949 787 2002 9⁰·
802 1963 836 1974 —
849 1935 1030 2005 adjutorium
1050 1935 1199 1992 desursum

233 2018 397 2088 implorata
413 2018 485 2084 Deo,
498 2032 516 2071 a
537 2013 663 2070 Domina
686 2014 807 2082 Rosarii,
822 2030 840 2068 a
853 2014 1030 2085 principibus
1047 2016 1199 2085 Apostolo-

233 2113 296 2152 rum
308 2111 351 2166 91.
380 2145 383 2153 .

197 2199 251 2250 24.
269 2195 474 2247 EPISTOLA
491 2195 533 2246 ad
546 2195 757 2246 cardinalem
772 2195 971 2253 Mermlllod,
986 2196 1094 2256 Episc.
1111 2195 1200 2244 Lau-

152 2295 335 2338 sanensem
356 2287 390 2334 et
403 2283 634 2340 Genevensem,
662 2281 809 2342 altosque
831 2281 991 2331 Helvetlae
1012 2283 1198 2344 Eplsoopos.

155 2376 211 2428 Do
225 2373 372 2423 fovenda
384 2371 599 2421 unlversltate
620 2369 839 2432 Frlburgensl.
856 2394 891 2402 -
910 2368 954 2417 24
975 2368 1100 2420 Octobr.
1117 2369 1200 2420 1890
1236 2379 1269 2432 92

272 2461 402 2519 Pontifex
416 2461 489 2516 inter
501 2473 566 2517 acta
577 2473 734 2518 conventus
757 2459 886 2530 Friburgi
899 2477 989 2531 nuper
1001 2460 1091 2515 habiti
1104 2462 1199 2531 impri-

232 2545 287 2598 mis
311 2542 416 2612 probat
436 2557 500 2611 quae
524 2541 562 2595 ad
585 2539 809 2596 Universitatem
835 2539 941 2594 ibidem
955 2539 1102 2594 conditam
1115 2541 1199 2610 perti·

236 2629 306 2676 nent
318 2636 362 2688 92.
375 2649 411 2660 --
426 2619 536 2674 Laudat
557 2621 646 2674 zelum
665 2620 702 2674 ab
725 2619 878 2690 Episcopis
891 2619 959 2673 huic
971 2617 1050 2688 operi
1064 2617 1200 2674 devotum
1270 2683 1271 2686 Ἴ

233 2717 275 2771 92.
289 2730 324 2742 -
338 2701 459 2770 Optima
481 2699 509 2754 in
530 2700 653 2754 futurum
676 2709 771 2768 sperat
793 2699 831 2753 ab
852 2699 907 2752 hoc
927 2709 1023 2754 vetere
1037 2697 1200 2754 christianae

232 2778 385 2849 sapientiae
397 2778 667 2850 aedilicio,superatis
680 2778 922 2848 procellis,denuo
932 2789 1100 2847 assurgente
1113 2793 1155 2847 920
1166 2807 1201 2818 —

234 2859 397 2913 Christiana
414 2857 556 2927 sapientia
568 2857 715 2912 civitatum
727 2857 804 2912 salus
816 2871 859 2925 93.
873 2886 907 2896 —
924 2855 1082 2926 Magisterii
1097 2858 1199 2927 Supre-

233 2937 272 2992 mi
286 2936 340 2991 sibi
361 2935 498 2992 divinitus
520 2936 665 2991 commissi
686 2952 807 2991 munera
828 2935 951 3006 implens
964 2950 1008 3004 93.
1021 2964 1055 2974 -
1070 2935 1200 2990 Pontifex

235 3025 354 3072 testatur
366 3015 545 3085 gratissimas
555 3017 609 3070 sibi
623 3015 683 3069 fore
701 3031 895 3086 quascumque
909 3030 991 3068 curas
1004 3013 1032 3066 in
1045 3013 1200 3068 fovendum

236 3095 426 3164 Friburgense
440 3095 611 3149 Athenaeum
625 3094 661 3148 ab
675 3093 827 3164 Episcopis
843 3092 990 3163 impensas
1003 3107 1046 3160 93.

203 3204 255 3255 25.
288 3203 499 3254 EPISTOLA
524 3203 567 3253 ad
600 3203 810 3254 Cardlnalem
840 3201 1013 3261 sanfellco,
1045 3201 1198 3263 Arohlep.

158 3291 437 3353 Neapolitanum.
463 3295 496 3340 et
515 3290 730 3354 Capeoelatro‚
755 3289 1047 3351 Arohleplsoopum
1065 3287 1199 3351 Capua-

156 3392 257 3441 num,
272 3381 399 3430 stallos
418 3378 610 3440 campania
633 3379 819 3440 Eplsoopos
836 3378 885 3427 De
906 3377 1095 3427 ohedlentia
1116 3377 1199 3438 Epl-

156 3467 471 3530 scoplsatldellhus
485 3465 847 3518 deblta.—3Nouemb.
861 3464 984 3515 1890...
1235 3471 1267 3527 95

271 3557 402 3613 Pontifex
413 3557 511 3613 laudat
522 3559 679 3612 Praesulum
689 3556 855 3628 Campaniae
865 3555 1050 3610 concordiam
1063 3571 1097 3610 ac
1109 3556 1199 3609 zelum

234 3653 276 3710 95.
291 3669 326 3679 --
341 3641 426 3695 Dolet
449 3640 601 3694 nonnullos
621 3657 656 3693 ex
675 3656 773 3693 eorum
797 3637 926 3704 subditis,
941 3635 1059 3692 dissidia
1080 3653 1115 3691 ac
1127 3635 1198 3690 diiii·

234 3721 362 3774 dentiam
375 3730 510 3786 serentes,
523 3735 586 3772 sese
610 3729 723 3787 temere,
737 3717 1013 3788 indisciplinatorum
1026 3715 1115 3788 instar
1127 3715 1199 3769 mili·

234 3809 303 3865 tum,
316 3797 422 3868 proprii
437 3795 575 3867 Episcopi
595 3797 757 3852 auctoritati
778 3795 944 3851 subtrahere
957 3807 1000 3862 95.
1013 3823 1048 3833 —
1068 3791 1202 3847 Deterior

235 3878 336 3933 inertia
349 3888 503 3933 contumax
516 3879 590 3932 zelus
603 3892 646 3948 95.

199 3979 252 4032 ao.
269 3979 474 4030 murnum
497 3977 780 4028 neosromcm
805 3977 854 4027 no
873 3975 1033 4039 regimine
1055 3976 1086 4022 et
1099 3973 1199 4023 orsel-

157 4070 257 4136 pllna
290 4067 562 4131 congregauonis
595 4065 943 4129 Anglo-Benedlotlnae
975 4061 1138 4111 novanda.
1166 4084 1200 4094 -

160 4153 639 4208 Prldleldusllovemh.l890
1237 4155 1269 4211 97

275 4244 406 4299 Pontifex
417 4245 517 4299 recolit
528 4243 657 4300 ordinem
671 4245 699 4300 S.
711 4243 860 4300 Benedicti
871 4243 908 4297 de
919 4240 1025 4310 Anglia
1038 4239 1105 4293 inde
1118 4255 1136 4292 a
1149 4255 1200 4294 sae·

240 4325 304 4380 culo
317 4327 357 4379 Vl
373 4325 578 4398 specialissime
598 4325 740 4395 meritum,
753 4325 860 4380 ibidem
882 4323 1004 4378 maxime
1025 4337 1139 4392 quoque
1150 4321 1199 4374 tio·
