3364 4928
390 279 414 348 4
507 277 656 330 antea.
676 275 802 328 neosr.
825 263 847 292 ‘⁸
867 273 1052 325 menarum
1076 265 1321 320 aorasrn‘rau
1342 299 1363 326 „

393 369 1499 398 ....-..-.-....-.-..---—--———--

389 448 540 522 beantur,
554 455 643 510 stata
659 443 819 527 temporis
846 440 1021 506 intervalla
1049 439 1135 501 inter
1164 435 1297 498 ordines
1312 439 1496 506 serventur,

390 550 537 633 itemque
553 569 595 612 ne
609 548 743 613 ordines
759 556 858 613 extra
873 557 1027 627 tempora
1053 561 1083 642 a
1097 541 1166 604 iure
1191 537 1377 602 constituta
1391 532 1495 596 susci·

416 655 534 718 iantur.

232 759 365 864 correpunt
391 675 413 737 p
438 757 476 820 In
504 755 716 819 alumnorum
743 751 921 836 disciplina
948 749 1039 833 leges
1068 747 1213 833 quaein
1243 743 1372 826 collegio
1392 740 1499 806 Urba·

214 821 286 925 1¹1³an
287 832 301 864 n
321 883 367 936 pn>
392 861 492 924 niano
508 859 585 924 fidei
600 859 840 943 propagandae
855 856 979 940 vigent,
995 851 1154 918 adhibitis
1180 846 1497 932 praescriptionibus

213 937 367 1044 ἴξαᾞηζῖξ
391 966 441 1044 iis,
455 985 538 1048 quas
563 962 625 1028 sibi
651 962 802 1046 proprias
826 958 957 1041 collegii
985 957 1135 1023 conditio
1161 951 1319 1037 postulat,
1342 962 1498 1014 accurate

212 1055 314 1116 ‘⁰¹²4'ss
392 1077 571 1134 serventur.

245 1181 314 1252 opu
321 1179 366 1226 ⁸0·
436 1173 494 1237 Ius
509 1179 544 1236 et
559 1181 708 1254 potestas
729 1169 762 1234 in
789 1167 967 1250 collegium
984 1183 1087 1248 penes
1103 1159 1405 1244 Archiepiscopum
1423 1156 1499 1220 Pra-

213 1243 302 1347 ifs'ssr‘fs
323 1254 367 1344 ⁰22
392 1295 529 1362 geneem
546 1283 762 1356 caeterosque
778 1290 946 1336 sacrorum
978 1265 1161 1333 Bohemiae
1186 1262 1376 1338 Antistites,
1392 1279 1500 1343 eaque

210 1364 275 1421 Μ’
393 1400 461 1445 una
476 1378 574 1443 simul
590 1378 742 1442 omnium
758 1375 828 1439 erit.

211 1483 368 1546 permam-
438 1481 634 1547 Moderator
649 1477 793 1560 collegio
809 1477 966 1559 regendo,
984 1496 1042 1540 seu
1059 1483 1167 1540 rector
1182 1475 1210 1536 is
1225 1473 1296 1548 erit,
1310 1471 1367 1554 qui
1380 1491 1400 1533 a
1413 1469 1500 1532 l’on-

214 1542 370 1662 wilh-522
394 1583 483 1650 tifice
510 1583 661 1648 maximo
692 1602 733 1646 eo
763 1581 899 1645 nomine
929 1591 963 1644 et
994 1587 1163 1662 potestate
1192 1574 1411 1659 praeficiatur.
1428 1569 1498 1654 Ipsi

214 1662 369 1768 ami}
395 1697 507 1752 autem
524 1685 759 1760 constituendo
776 1683 827 1748 ius
851 1686 914 1748 erit
942 1683 1209 1765 Archiepiscopo
1225 1677 1394 1762 Pragensi,
1409 1695 1501 1740 com·

215 1779 344 1886 ,ξζῗξζῖξξ
396 1785 572 1851 municatis
587 1804 664 1848 curn
682 1783 865 1848 Bohemiae
882 1783 1059 1867 Episcopis
1075 1785 1230 1864 consiliis,
1248 1785 1355 1849 virum
1378 1791 1437 1846 aut
1452 1780 1501 1844 vi·

215 1901 282 1946 dum·
395 1909 458 1965 ros,
483 1908 567 1972 quos
594 1888 657 1952 hoe
681 1906 819 1952 munere
848 1886 970 1970 dignos
1000 1899 1144 1969 censeat,
1170 1887 1322 1954 Pontifici
1348 1885 1502 1950 maximo

395 1995 468 2060 desi
495 2014 582 2058 nare.

242 2107 311 2155 Huic
320 2106 370 2152 sin·
441 2015 582 2180 cguegii
600 2098 792 2162 moderator
817 2095 957 2178 singulis
983 2098 1080 2161 annis
1095 2097 1138 2160 de
1153 2095 1350 2178 disciplinae
1365 2093 1501 2157 rationi-

213 2165 371 2230 gulisannis
618 2199 626 2216 .
1076 2199 1084 2215 .
1399 2195 1435 2210 ..

217 2225 344 2288 regiminis
396 2201 469 2278 bus,
484 2201 527 2265 de
543 2200 691 2265 moribus
722 2199 945 2278 alumnorum,
968 2200 1011 2264 de
1039 2219 1084 2264 rer
1112 2198 1283 2263 iamrharrs
1309 2196 1503 2261 conditione

218 2287 339 2392 {mn
398 2312 587 2368 accuratam
605 2301 865 2384 descriptionem
896 2303 1022 2387 duplici
1053 2303 1212 2385 exemplo
1242 2299 1404 2375 conficiet,
1418 2317 1503 2381 quo·

219 2419 284 2452 Μ·
399 2427 471 2472 rum
510 2405 652 2471 alterum
684 2425 779 2470 sacro
811 2405 952 2473 Consilio
973 2407 1096 2472 studies
1122 2405 1277 2488 regundis
1303 2404 1505 2487 praeposito,

399 2510 541 2576 alterurn
579 2509 846 2593 Archiepiscopo
878 2512 1035 2595 Pragensi
1062 2509 1231 2586 exhibeat,
1260 2509 1318 2592 qui
1348 2507 1504 2571 eamdem

399 2614 656 2699 descriptionem
674 2615 814 2678 caeteris
833 2613 1016 2680 Bohemiae
1034 2613 1210 2697 Episcopis
1226 2611 1424 2677 tradendam
1447 2629 1505 2674 cu-

401 2717 495 2782 rabit.
1390 2733 1394 2742 ’

223 2809 373 2923 ‘mm
445 2821 645 2885 Adiutorem
663 2831 776 2885 autem
792 2821 915 2885 vicario
932 2841 1078 2901 munere,
1093 2842 1150 2886 seu
1167 2795 1416 2904 pro-rectorem,
1432 2839 1504 2884 rno-

401 2926 536 2990 derator
559 2923 706 3003 habebit,
723 2943 767 2987 ex
783 2927 1081 3007 praestantioribus
1100 2926 1230 3010 collegii
1247 2926 1400 3004 alumnis,
1426 2925 1506 3009 Epi·

403 3048 506 3111 scopo
522 3036 702 3105 annuente,
716 3028 810 3091 cuius
826 3028 859 3092 in
874 3029 1002 3093 ditione
1018 3031 1061 3095 sit
1077 3030 1241 3106 alumnus,
1264 3030 1481 3114 deligendum
1500 3053 1508 3094 ε

404 3135 498 3218 isque
512 3133 652 3198 caeteris
668 3130 903 3197 anteferendus
930 3134 1001 3211 erit,
1025 3135 1082 3217 qui
1113 3133 1244 3198 virtutis
1259 3145 1293 3197 et
1309 3134 1508 3217 prudentiae

24 3309 27 3324 ,
405 3237 513 3314 laude,
523 3237 567 3300 ad
583 3235 714 3318 collegii
727 3255 806 3300 usus
820 3235 926 3318 magis
939 3247 1149 3320 opportunus
1159 3236 1319 3303 videatur.

24 3359 28 3428 l
70 3391 71 3394 ,
229 3339 381 3446 „2435er
449 3341 507 3406 Ad
525 3341 720 3424 magistrum
737 3340 871 3422 pietatis
899 3340 931 3403 in
959 3341 1102 3424 collegio
1117 3339 1399 3420 constituendum,
1409 3341 1512 3406 colle-

26 3441 27 3446 ’
226 3447 331 3507 altwis-
405 3445 451 3530 gii
467 3445 659 3508 moderator
684 3443 728 3507 de
757 3444 828 3506 viro
844 3461 944 3524 quern
970 3443 1044 3507 huic
1060 3443 1253 3527 magisterio
1279 3455 1508 3527 opportunum

405 3548 571 3613 censuerit
585 3548 629 3611 ad
646 3545 859 3612 Cardinalem
875 3546 942 3609 uice
955 3566 1050 3610 sacra
1064 3545 1261 3610 Antthtitem
1276 3546 1368 3611 urbis
1382 3546 1511 3626 reseret,

407 3651 501 3735 isque
511 3651 572 3714 rite
587 3649 737 3715 delectus
752 3651 823 3728 erit,
835 3649 928 3714 cuius
948 3649 1093 3732 eligendi
1109 3651 1198 3715 idem
1224 3651 1377 3716 Antistes
1393 3662 1511 3717 auctor

409 3753 475 3820 fiat.
489 3755 625 3819 Pietatis
641 3764 753 3819 autem
771 3755 929 3838 magister
944 3755 1034 3837 apud
1060 3755 1215 3819 alumnos
1240 3775 1373 3840 eosque,
1396 3759 1452 3840 qui
1477 3760 1510 3822 in

409 3860 540 3942 collegii
557 3858 741 3923 ministerio
757 3869 790 3923 et
802 3858 973 3922 domicilio
988 3867 1075 3938 sunt,
1086 3858 1222 3942 parochi
1234 3861 1426 3925 muneribus
1439 3860 1512 3926 fun-

411 3973 516 4048 getur.

234 4043 386 4148 „,„,·‘,¹1,·'{,''¹“²
456 4067 534 4150 Quo
549 4075 663 4129 autem
686 4065 879 4129 necessariis
895 4064 1082 4147 sumptibus
1098 4066 1131 4129 in
1159 4066 1370 4132 alumnorum
1386 4069 1513 4133 victum

412 4171 615 4251 cultumque,
629 4189 697 4252 quo
714 4169 782 4232 vita
797 4169 934 4250 indiget,
949 4169 1065 4251 copiae
1081 4178 1115 4234 et
1131 4168 1305 4236 facultates
1321 4181 1513 4254 suppetant,

411 4281 543 4358 praeter
557 4291 631 4335 eam
648 4273 824 4353 pecuniam
836 4290 922 4353 quae
932 4291 976 4334 ex
991 4273 1118 4337 aerario
1139 4273 1307 4338 Austriaci
1325 4273 1460 4356 Imperii
1477 4277 1510 4341 in
