<?xml version="1.0" encoding="UTF-8"?>
<!DOCTYPE html PUBLIC "-//W3C//DTD XHTML 1.0 Transitional//EN"
    "http://www.w3.org/TR/xhtml1/DTD/xhtml1-transitional.dtd">
<html xmlns="http://www.w3.org/1999/xhtml" xml:lang="en" lang="en">
 <head>
  <title>
</title>
<meta http-equiv="Content-Type" content="text/html;charset=utf-8" />
  <meta name='ocr-system' content='tesseract 3.04.00' />
  <meta name='ocr-capabilities' content='ocr_page ocr_carea ocr_par ocr_line ocrx_word'/>
</head>
<body>
  <div class='ocr_page' id='page_1' title='image "./sanctissimidomi02xiiigoog_0240.png"; bbox 0 0 3354 4938; ppageno 0'>
   <div class='ocr_carea' id='block_1_1' title="bbox 352 321 1303 392">
    <p class='ocr_par' dir='ltr' id='par_1_1' title="bbox 352 321 1303 392">
     <span class='ocr_line' id='line_1_1' title="bbox 352 321 1303 392; baseline -0.012 -10"><span class='ocrx_word' id='word_1_1' title='bbox 352 333 402 382; x_wconf 80' lang='lat' dir='ltr'>nn</span> <span class='ocrx_word' id='word_1_2' title='bbox 421 331 661 384; x_wconf 77' lang='lat' dir='ltr'>uraunucum</span> <span class='ocrx_word' id='word_1_3' title='bbox 680 331 719 382; x_wconf 84' lang='lat' dir='ltr'>ru</span> <span class='ocrx_word' id='word_1_4' title='bbox 740 330 890 381; x_wconf 78' lang='lat' dir='ltr'>uexmo</span> <span class='ocrx_word' id='word_1_5' title='bbox 910 325 1150 380; x_wconf 74' lang='lat' dir='ltr'>ounrusuun.</span> <span class='ocrx_word' id='word_1_6' title='bbox 1233 324 1251 373; x_wconf 86' lang='lat'>2</span> <span class='ocrx_word' id='word_1_7' title='bbox 1258 321 1303 392; x_wconf 83' lang='lat'>33</span> 
     </span>
    </p>
   </div>
   <div class='ocr_carea' id='block_1_2' title="bbox 195 493 1463 604">
    <p class='ocr_par' dir='ltr' id='par_1_2' title="bbox 195 493 1463 604">
     <span class='ocr_line' id='line_1_2' title="bbox 195 493 1463 604; baseline -0.007 -28"><span class='ocrx_word' id='word_1_8' title='bbox 195 511 391 576; x_wconf 88' lang='lat' dir='ltr'>huiusmodi</span> <span class='ocrx_word' id='word_1_9' title='bbox 417 531 577 576; x_wconf 88' lang='lat' dir='ltr'>novarum</span> <span class='ocrx_word' id='word_1_10' title='bbox 600 513 802 576; x_wconf 87' lang='lat' dir='ltr'>dioecesium</span> <span class='ocrx_word' id='word_1_11' title='bbox 830 511 1032 577; x_wconf 85' lang='lat' dir='ltr'>erectionem</span> <span class='ocrx_word' id='word_1_12' title='bbox 1060 507 1140 572; x_wconf 90' lang='lat' dir='ltr'>satis</span> <span class='ocrx_word' id='word_1_13' title='bbox 1171 502 1305 569; x_wconf 87' lang='lat' dir='ltr'>abunde</span> <span class='ocrx_word' id='word_1_14' title='bbox 1346 493 1463 604; x_wconf 58' lang='lat' dir='ltr'><em>&#39;J‘Uffl</em></span> 
     </span>
    </p>
   </div>
   <div class='ocr_carea' id='block_1_3' title="bbox 195 605 1441 698">
    <p class='ocr_par' dir='ltr' id='par_1_3' title="bbox 195 605 1441 698">
     <span class='ocr_line' id='line_1_3' title="bbox 195 605 1441 698; baseline -0.014 -18"><span class='ocrx_word' id='word_1_15' title='bbox 195 615 333 680; x_wconf 87' lang='lat' dir='ltr'>illorum</span> <span class='ocrx_word' id='word_1_16' title='bbox 354 615 617 681; x_wconf 88' lang='lat' dir='ltr'>christifidelium</span> <span class='ocrx_word' id='word_1_17' title='bbox 634 616 797 698; x_wconf 78' lang='lat' dir='ltr'>spirituali</span> <span class='ocrx_word' id='word_1_18' title='bbox 821 616 912 681; x_wconf 93' lang='lat' dir='ltr'>bono</span> <span class='ocrx_word' id='word_1_19' title='bbox 939 634 978 680; x_wconf 89' lang='lat' dir='ltr'>ac</span> <span class='ocrx_word' id='word_1_20' title='bbox 1005 613 1105 678; x_wconf 88' lang='lat' dir='ltr'>etiam</span> <span class='ocrx_word' id='word_1_21' title='bbox 1121 608 1305 676; x_wconf 88' lang='lat' dir='ltr'>commodi·</span> <span class='ocrx_word' id='word_1_22' title='bbox 1375 605 1441 662; x_wconf 70' lang='lat'><em>1891·</em></span> 
     </span>
    </p>
   </div>
   <div class='ocr_carea' id='block_1_4' title="bbox 194 714 1481 3193">
    <p class='ocr_par' dir='ltr' id='par_1_4' title="bbox 194 714 1481 2866">
     <span class='ocr_line' id='line_1_4' title="bbox 197 714 1306 806; baseline -0.006 -23"><span class='ocrx_word' id='word_1_23' title='bbox 197 719 263 784; x_wconf 90' lang='lat' dir='ltr'>tati</span> <span class='ocrx_word' id='word_1_24' title='bbox 286 720 475 786; x_wconf 90' lang='lat' dir='ltr'>consultum</span> <span class='ocrx_word' id='word_1_25' title='bbox 502 721 603 788; x_wconf 86' lang='lat' dir='ltr'>luisse</span> <span class='ocrx_word' id='word_1_26' title='bbox 629 722 837 806; x_wconf 85' lang='lat' dir='ltr'>experientia</span> <span class='ocrx_word' id='word_1_27' title='bbox 860 722 1090 796; x_wconf 88' lang='lat' dir='ltr'>demonstrat;</span> <span class='ocrx_word' id='word_1_28' title='bbox 1111 714 1306 780; x_wconf 87' lang='lat' dir='ltr'>difficillima</span> 
     </span>
     <span class='ocr_line' id='line_1_5' title="bbox 196 817 1304 910; baseline -0.006 -22"><span class='ocrx_word' id='word_1_29' title='bbox 196 825 365 908; x_wconf 86' lang='lat' dir='ltr'>siquidem</span> <span class='ocrx_word' id='word_1_30' title='bbox 381 825 468 890; x_wconf 93' lang='lat' dir='ltr'>inter</span> <span class='ocrx_word' id='word_1_31' title='bbox 484 845 564 890; x_wconf 88' lang='lat' dir='ltr'>oves</span> <span class='ocrx_word' id='word_1_32' title='bbox 580 835 613 891; x_wconf 90' lang='lat' dir='ltr'>et</span> <span class='ocrx_word' id='word_1_33' title='bbox 636 835 786 910; x_wconf 88' lang='lat' dir='ltr'>pastores</span> <span class='ocrx_word' id='word_1_34' title='bbox 801 826 910 890; x_wconf 92' lang='lat' dir='ltr'>adhuc</span> <span class='ocrx_word' id='word_1_35' title='bbox 927 823 1079 888; x_wconf 88' lang='lat' dir='ltr'>existunt</span> <span class='ocrx_word' id='word_1_36' title='bbox 1094 817 1304 892; x_wconf 90' lang='lat' dir='ltr'>commercia,</span> 
     </span>
     <span class='ocr_line' id='line_1_6' title="bbox 198 897 1481 1018; baseline -0.006 -26"><span class='ocrx_word' id='word_1_37' title='bbox 198 936 236 992; x_wconf 87' lang='lat' dir='ltr'>et</span> <span class='ocrx_word' id='word_1_38' title='bbox 252 927 400 1013; x_wconf 88' lang='lat' dir='ltr'>plerique</span> <span class='ocrx_word' id='word_1_39' title='bbox 425 949 469 992; x_wconf 88' lang='lat' dir='ltr'>ex</span> <span class='ocrx_word' id='word_1_40' title='bbox 493 929 611 994; x_wconf 90' lang='lat' dir='ltr'>iisdem</span> <span class='ocrx_word' id='word_1_41' title='bbox 635 928 823 1012; x_wconf 83' lang='lat' dir='ltr'>pastoribus</span> <span class='ocrx_word' id='word_1_42' title='bbox 839 928 1019 1011; x_wconf 88' lang='lat' dir='ltr'>quominus</span> <span class='ocrx_word' id='word_1_43' title='bbox 1035 925 1225 989; x_wconf 88' lang='lat' dir='ltr'>universum</span> <span class='ocrx_word' id='word_1_44' title='bbox 1242 919 1305 984; x_wconf 88' lang='lat' dir='ltr'>sibi</span> <span class='ocrx_word' id='word_1_45' title='bbox 1324 897 1481 1018; x_wconf 53' lang='lat' dir='ltr'>ffissss&#39;ssffls&#39;</span> 
     </span>
     <span class='ocr_line' id='line_1_7' title="bbox 197 1025 1305 1114; baseline -0.005 -21"><span class='ocrx_word' id='word_1_46' title='bbox 197 1028 518 1114; x_wconf 78' lang='lat' dir='ltr'>crcditumgregem</span> <span class='ocrx_word' id='word_1_47' title='bbox 534 1033 625 1096; x_wconf 88' lang='lat' dir='ltr'>adire</span> <span class='ocrx_word' id='word_1_48' title='bbox 648 1032 778 1114; x_wconf 88' lang='lat' dir='ltr'>possint</span> <span class='ocrx_word' id='word_1_49' title='bbox 801 1031 1036 1114; x_wconf 90' lang='lat' dir='ltr'>impediuntur.</span> <span class='ocrx_word' id='word_1_50' title='bbox 1052 1025 1305 1093; x_wconf 91' lang='lat' dir='ltr'>Venerabilium</span> 
     </span>
     <span class='ocr_line' id='line_1_8' title="bbox 196 1131 1306 1216; baseline -0.005 -20"><span class='ocrx_word' id='word_1_51' title='bbox 196 1133 303 1216; x_wconf 88' lang='lat' dir='ltr'>igitur</span> <span class='ocrx_word' id='word_1_52' title='bbox 325 1134 479 1200; x_wconf 85' lang='lat' dir='ltr'>Fratrum</span> <span class='ocrx_word' id='word_1_53' title='bbox 496 1137 696 1200; x_wconf 89' lang='lat' dir='ltr'>Nostrorum</span> <span class='ocrx_word' id='word_1_54' title='bbox 714 1135 914 1200; x_wconf 86' lang='lat' dir='ltr'>Mexicanae</span> <span class='ocrx_word' id='word_1_55' title='bbox 939 1132 1076 1200; x_wconf 89' lang='lat' dir='ltr'>ditionis</span> <span class='ocrx_word' id='word_1_56' title='bbox 1092 1131 1306 1206; x_wconf 89' lang='lat' dir='ltr'>Antistitum,</span> 
     </span>
     <span class='ocr_line' id='line_1_9' title="bbox 197 1232 1306 1322; baseline -0.005 -22"><span class='ocrx_word' id='word_1_57' title='bbox 197 1236 280 1301; x_wconf 88' lang='lat' dir='ltr'>cleri</span> <span class='ocrx_word' id='word_1_58' title='bbox 292 1237 577 1322; x_wconf 87' lang='lat' dir='ltr'>plurimorumque</span> <span class='ocrx_word' id='word_1_59' title='bbox 587 1239 828 1304; x_wconf 90' lang='lat' dir='ltr'>catholicorum</span> <span class='ocrx_word' id='word_1_60' title='bbox 841 1237 986 1322; x_wconf 87' lang='lat' dir='ltr'>inclytae</span> <span class='ocrx_word' id='word_1_61' title='bbox 1002 1238 1153 1303; x_wconf 90' lang='lat' dir='ltr'>eiusdem</span> <span class='ocrx_word' id='word_1_62' title='bbox 1168 1232 1306 1299; x_wconf 91' lang='lat' dir='ltr'>ditionis</span> 
     </span>
     <span class='ocr_line' id='line_1_10' title="bbox 196 1337 1308 1426; baseline -0.004 -24"><span class='ocrx_word' id='word_1_63' title='bbox 196 1338 378 1406; x_wconf 89' lang='lat' dir='ltr'>illustrium</span> <span class='ocrx_word' id='word_1_64' title='bbox 403 1342 547 1408; x_wconf 88' lang='lat' dir='ltr'>virorum</span> <span class='ocrx_word' id='word_1_65' title='bbox 572 1344 668 1420; x_wconf 89' lang='lat' dir='ltr'>votis,</span> <span class='ocrx_word' id='word_1_66' title='bbox 694 1342 815 1426; x_wconf 90' lang='lat' dir='ltr'>quibus</span> <span class='ocrx_word' id='word_1_67' title='bbox 839 1342 903 1425; x_wconf 87' lang='lat' dir='ltr'>ipsi</span> <span class='ocrx_word' id='word_1_68' title='bbox 930 1363 949 1407; x_wconf 90' lang='lat' dir='ltr'>a</span> <span class='ocrx_word' id='word_1_69' title='bbox 980 1339 1089 1406; x_wconf 93' lang='lat' dir='ltr'>Nobls</span> <span class='ocrx_word' id='word_1_70' title='bbox 1119 1350 1154 1404; x_wconf 89' lang='lat' dir='ltr'>et</span> <span class='ocrx_word' id='word_1_71' title='bbox 1180 1337 1308 1404; x_wconf 86' lang='lat' dir='ltr'>Sancta</span> 
     </span>
     <span class='ocr_line' id='line_1_11' title="bbox 196 1443 1306 1531; baseline -0.004 -23"><span class='ocrx_word' id='word_1_72' title='bbox 196 1443 401 1527; x_wconf 89' lang='lat' dir='ltr'>Apostolica</span> <span class='ocrx_word' id='word_1_73' title='bbox 422 1446 484 1512; x_wconf 92' lang='lat' dir='ltr'>hac</span> <span class='ocrx_word' id='word_1_74' title='bbox 512 1447 600 1513; x_wconf 90' lang='lat' dir='ltr'>Sede</span> <span class='ocrx_word' id='word_1_75' title='bbox 624 1447 822 1531; x_wconf 82' lang='lat' dir='ltr'>flagitabant</span> <span class='ocrx_word' id='word_1_76' title='bbox 850 1455 887 1512; x_wconf 93' lang='lat' dir='ltr'>ut</span> <span class='ocrx_word' id='word_1_77' title='bbox 911 1444 1152 1529; x_wconf 83' lang='lat' dir='ltr'>episcopalium</span> <span class='ocrx_word' id='word_1_78' title='bbox 1176 1443 1306 1507; x_wconf 93' lang='lat' dir='ltr'>sedium</span> 
     </span>
     <span class='ocr_line' id='line_1_12' title="bbox 195 1546 1306 1634; baseline 0 -22"><span class='ocrx_word' id='word_1_79' title='bbox 195 1547 269 1612; x_wconf 90' lang='lat' dir='ltr'>illic</span> <span class='ocrx_word' id='word_1_80' title='bbox 292 1568 449 1615; x_wconf 90' lang='lat' dir='ltr'>numerus</span> <span class='ocrx_word' id='word_1_81' title='bbox 471 1562 657 1634; x_wconf 81' lang='lat' dir='ltr'>angeretur,</span> <span class='ocrx_word' id='word_1_82' title='bbox 681 1562 716 1615; x_wconf 89' lang='lat' dir='ltr'>et</span> <span class='ocrx_word' id='word_1_83' title='bbox 740 1549 878 1615; x_wconf 79' lang='lat' dir='ltr'>faciliori</span> <span class='ocrx_word' id='word_1_84' title='bbox 903 1551 1035 1615; x_wconf 90' lang='lat' dir='ltr'>illorum</span> <span class='ocrx_word' id='word_1_85' title='bbox 1064 1546 1212 1612; x_wconf 86' lang='lat' dir='ltr'>fidelium</span> <span class='ocrx_word' id='word_1_86' title='bbox 1228 1566 1306 1612; x_wconf 90' lang='lat' dir='ltr'>cum</span> 
     </span>
     <span class='ocr_line' id='line_1_13' title="bbox 195 1651 1306 1738; baseline 0 -24"><span class='ocrx_word' id='word_1_87' title='bbox 195 1652 342 1736; x_wconf 91' lang='lat' dir='ltr'>propriis</span> <span class='ocrx_word' id='word_1_88' title='bbox 367 1655 544 1738; x_wconf 88' lang='lat' dir='ltr'>Episcopis</span> <span class='ocrx_word' id='word_1_89' title='bbox 569 1654 863 1720; x_wconf 89' lang='lat' dir='ltr'>communicationi</span> <span class='ocrx_word' id='word_1_90' title='bbox 886 1654 1122 1730; x_wconf 88' lang='lat' dir='ltr'>consuleretur,</span> <span class='ocrx_word' id='word_1_91' title='bbox 1143 1651 1306 1716; x_wconf 86' lang='lat' dir='ltr'>obsecun-</span> 
     </span>
     <span class='ocr_line' id='line_1_14' title="bbox 196 1753 1305 1842; baseline -0.001 -23"><span class='ocrx_word' id='word_1_92' title='bbox 196 1753 281 1820; x_wconf 89' lang='lat' dir='ltr'>dare</span> <span class='ocrx_word' id='word_1_93' title='bbox 311 1776 378 1822; x_wconf 93' lang='lat' dir='ltr'>non</span> <span class='ocrx_word' id='word_1_94' title='bbox 414 1759 515 1824; x_wconf 90' lang='lat' dir='ltr'>modo</span> <span class='ocrx_word' id='word_1_95' title='bbox 545 1768 772 1842; x_wconf 89' lang='lat' dir='ltr'>opportunum</span> <span class='ocrx_word' id='word_1_96' title='bbox 806 1759 885 1842; x_wconf 90' lang='lat' dir='ltr'>quin</span> <span class='ocrx_word' id='word_1_97' title='bbox 917 1759 986 1823; x_wconf 91' lang='lat' dir='ltr'>imo</span> <span class='ocrx_word' id='word_1_98' title='bbox 1018 1755 1240 1821; x_wconf 89' lang='lat' dir='ltr'>necessarium</span> <span class='ocrx_word' id='word_1_99' title='bbox 1272 1756 1305 1819; x_wconf 94' lang='lat' dir='ltr'>in</span> 
     </span>
     <span class='ocr_line' id='line_1_15' title="bbox 197 1860 1306 1946; baseline 0 -22"><span class='ocrx_word' id='word_1_100' title='bbox 197 1860 351 1925; x_wconf 91' lang='lat' dir='ltr'>Domino</span> <span class='ocrx_word' id='word_1_101' title='bbox 374 1863 601 1928; x_wconf 89' lang='lat' dir='ltr'>iudicavimus.</span> <span class='ocrx_word' id='word_1_102' title='bbox 615 1862 674 1928; x_wconf 90' lang='lat' dir='ltr'>Ad</span> <span class='ocrx_word' id='word_1_103' title='bbox 701 1862 968 1946; x_wconf 89' lang='lat' dir='ltr'>huncprolecto</span> <span class='ocrx_word' id='word_1_104' title='bbox 990 1861 1146 1926; x_wconf 85' lang='lat' dir='ltr'>effectum</span> <span class='ocrx_word' id='word_1_105' title='bbox 1169 1860 1306 1924; x_wconf 90' lang='lat' dir='ltr'>eosdem</span> 
     </span>
     <span class='ocr_line' id='line_1_16' title="bbox 197 1964 1307 2050; baseline -0.002 -22"><span class='ocrx_word' id='word_1_106' title='bbox 197 1964 399 2030; x_wconf 87' lang='lat' dir='ltr'>Mexicanos</span> <span class='ocrx_word' id='word_1_107' title='bbox 412 1967 596 2033; x_wconf 87' lang='lat' dir='ltr'>Antistites</span> <span class='ocrx_word' id='word_1_108' title='bbox 611 1976 748 2050; x_wconf 84' lang='lat' dir='ltr'>rogatos</span> <span class='ocrx_word' id='word_1_109' title='bbox 763 1967 938 2044; x_wconf 89' lang='lat' dir='ltr'>voluimus,</span> <span class='ocrx_word' id='word_1_110' title='bbox 953 1974 991 2031; x_wconf 89' lang='lat' dir='ltr'>ut</span> <span class='ocrx_word' id='word_1_111' title='bbox 1018 1983 1113 2030; x_wconf 90' lang='lat' dir='ltr'>suam</span> <span class='ocrx_word' id='word_1_112' title='bbox 1139 1965 1307 2048; x_wconf 89' lang='lat' dir='ltr'>aperirent</span> 
     </span>
     <span class='ocr_line' id='line_1_17' title="bbox 198 2067 1307 2154; baseline 0 -23"><span class='ocrx_word' id='word_1_113' title='bbox 198 2077 349 2133; x_wconf 87' lang='lat' dir='ltr'>mentem</span> <span class='ocrx_word' id='word_1_114' title='bbox 365 2090 554 2154; x_wconf 87' lang='lat' dir='ltr'>novamque</span> <span class='ocrx_word' id='word_1_115' title='bbox 580 2079 804 2153; x_wconf 89' lang='lat' dir='ltr'>proponerent</span> <span class='ocrx_word' id='word_1_116' title='bbox 828 2070 1074 2153; x_wconf 89' lang='lat' dir='ltr'>provinciarum</span> <span class='ocrx_word' id='word_1_117' title='bbox 1098 2067 1307 2144; x_wconf 88' lang='lat' dir='ltr'>divisionem,</span> 
     </span>
     <span class='ocr_line' id='line_1_18' title="bbox 196 2168 1305 2254; baseline -0.002 -19"><span class='ocrx_word' id='word_1_118' title='bbox 196 2191 287 2254; x_wconf 91' lang='lat' dir='ltr'>quae</span> <span class='ocrx_word' id='word_1_119' title='bbox 312 2173 406 2237; x_wconf 89' lang='lat' dir='ltr'>novis</span> <span class='ocrx_word' id='word_1_120' title='bbox 432 2173 645 2237; x_wconf 89' lang='lat' dir='ltr'>instituendis</span> <span class='ocrx_word' id='word_1_121' title='bbox 668 2173 802 2238; x_wconf 87' lang='lat' dir='ltr'>sedibus</span> <span class='ocrx_word' id='word_1_122' title='bbox 819 2172 931 2238; x_wconf 92' lang='lat' dir='ltr'>utilior</span> <span class='ocrx_word' id='word_1_123' title='bbox 947 2173 1122 2236; x_wconf 90' lang='lat' dir='ltr'>videretur.</span> <span class='ocrx_word' id='word_1_124' title='bbox 1139 2168 1218 2253; x_wconf 83' lang='lat' dir='ltr'>Quo</span> <span class='ocrx_word' id='word_1_125' title='bbox 1233 2169 1305 2252; x_wconf 91' lang='lat' dir='ltr'>qui·</span> 
     </span>
     <span class='ocr_line' id='line_1_19' title="bbox 195 2273 1305 2358; baseline 0 -20"><span class='ocrx_word' id='word_1_126' title='bbox 195 2273 279 2338; x_wconf 90' lang='lat' dir='ltr'>dem</span> <span class='ocrx_word' id='word_1_127' title='bbox 289 2295 309 2339; x_wconf 95' lang='lat' dir='ltr'>a</span> <span class='ocrx_word' id='word_1_128' title='bbox 320 2279 512 2342; x_wconf 89' lang='lat' dir='ltr'>memoratis</span> <span class='ocrx_word' id='word_1_129' title='bbox 526 2276 736 2341; x_wconf 91' lang='lat' dir='ltr'>Praesulibus</span> <span class='ocrx_word' id='word_1_130' title='bbox 749 2276 890 2342; x_wconf 91' lang='lat' dir='ltr'>libenter</span> <span class='ocrx_word' id='word_1_131' title='bbox 902 2276 1074 2358; x_wconf 89' lang='lat' dir='ltr'>praestit0,</span> <span class='ocrx_word' id='word_1_132' title='bbox 1086 2275 1158 2338; x_wconf 93' lang='lat' dir='ltr'>Nos</span> <span class='ocrx_word' id='word_1_133' title='bbox 1174 2293 1305 2338; x_wconf 91' lang='lat' dir='ltr'>eorum·</span> 
     </span>
     <span class='ocr_line' id='line_1_20' title="bbox 195 2379 1303 2466; baseline -0.003 -22"><span class='ocrx_word' id='word_1_134' title='bbox 195 2379 278 2444; x_wconf 88' lang='lat' dir='ltr'>dem</span> <span class='ocrx_word' id='word_1_135' title='bbox 294 2383 480 2446; x_wconf 89' lang='lat' dir='ltr'>sententiae</span> <span class='ocrx_word' id='word_1_136' title='bbox 502 2383 708 2460; x_wconf 90' lang='lat' dir='ltr'>accedentes,</span> <span class='ocrx_word' id='word_1_137' title='bbox 724 2383 837 2447; x_wconf 85' lang='lat' dir='ltr'>accitis</span> <span class='ocrx_word' id='word_1_138' title='bbox 864 2382 973 2466; x_wconf 94' lang='lat' dir='ltr'>primo</span> <span class='ocrx_word' id='word_1_139' title='bbox 988 2381 1022 2444; x_wconf 95' lang='lat' dir='ltr'>in</span> <span class='ocrx_word' id='word_1_140' title='bbox 1038 2379 1124 2444; x_wconf 91' lang='lat' dir='ltr'>tanti</span> <span class='ocrx_word' id='word_1_141' title='bbox 1140 2379 1303 2444; x_wconf 89' lang='lat' dir='ltr'>momenti</span> 
     </span>
     <span class='ocr_line' id='line_1_21' title="bbox 196 2483 1302 2552; baseline -0.001 -6"><span class='ocrx_word' id='word_1_142' title='bbox 196 2501 235 2546; x_wconf 87' lang='lat' dir='ltr'>re</span> <span class='ocrx_word' id='word_1_143' title='bbox 250 2483 506 2552; x_wconf 89' lang='lat' dir='ltr'>Venerabilibus</span> <span class='ocrx_word' id='word_1_144' title='bbox 521 2487 622 2551; x_wconf 88' lang='lat' dir='ltr'>etiam</span> <span class='ocrx_word' id='word_1_145' title='bbox 640 2485 812 2550; x_wconf 90' lang='lat' dir='ltr'>Fratribus</span> <span class='ocrx_word' id='word_1_146' title='bbox 829 2486 962 2552; x_wconf 85' lang='lat' dir='ltr'>Nostris</span> <span class='ocrx_word' id='word_1_147' title='bbox 978 2485 1012 2552; x_wconf 92' lang='lat' dir='ltr'>S.</span> <span class='ocrx_word' id='word_1_148' title='bbox 1030 2485 1069 2550; x_wconf 89' lang='lat' dir='ltr'>R.</span> <span class='ocrx_word' id='word_1_149' title='bbox 1087 2483 1124 2549; x_wconf 90' lang='lat' dir='ltr'>E.</span> <span class='ocrx_word' id='word_1_150' title='bbox 1143 2483 1302 2549; x_wconf 88' lang='lat' dir='ltr'>Cardina·</span> 
     </span>
     <span class='ocr_line' id='line_1_22' title="bbox 196 2583 1302 2674; baseline 0.001 -25"><span class='ocrx_word' id='word_1_151' title='bbox 196 2583 286 2650; x_wconf 92' lang='lat' dir='ltr'>libus</span> <span class='ocrx_word' id='word_1_152' title='bbox 301 2587 531 2653; x_wconf 89' lang='lat' dir='ltr'>ecclesiasticis</span> <span class='ocrx_word' id='word_1_153' title='bbox 543 2589 685 2671; x_wconf 80' lang='lat' dir='ltr'>negotiis</span> <span class='ocrx_word' id='word_1_154' title='bbox 702 2591 890 2673; x_wconf 89' lang='lat' dir='ltr'>propositis,</span> <span class='ocrx_word' id='word_1_155' title='bbox 905 2591 1020 2674; x_wconf 90' lang='lat' dir='ltr'>eisque</span> <span class='ocrx_word' id='word_1_156' title='bbox 1034 2587 1210 2653; x_wconf 91' lang='lat' dir='ltr'>consilium</span> <span class='ocrx_word' id='word_1_157' title='bbox 1227 2606 1302 2669; x_wconf 89' lang='lat' dir='ltr'>pro·</span> 
     </span>
     <span class='ocr_line' id='line_1_23' title="bbox 194 2689 1301 2776; baseline 0.003 -21"><span class='ocrx_word' id='word_1_158' title='bbox 194 2689 366 2769; x_wconf 77' lang='lat' dir='ltr'>bentibus,</span> <span class='ocrx_word' id='word_1_159' title='bbox 396 2694 601 2776; x_wconf 91' lang='lat' dir='ltr'>propositam</span> <span class='ocrx_word' id='word_1_160' title='bbox 634 2713 742 2758; x_wconf 90' lang='lat' dir='ltr'>novae</span> <span class='ocrx_word' id='word_1_161' title='bbox 773 2694 990 2762; x_wconf 88' lang='lat' dir='ltr'>Hierarchiae</span> <span class='ocrx_word' id='word_1_162' title='bbox 1027 2693 1301 2759; x_wconf 89' lang='lat' dir='ltr'>constitutionem</span> 
     </span>
     <span class='ocr_line' id='line_1_24' title="bbox 196 2791 957 2866; baseline 0.012 -9"><span class='ocrx_word' id='word_1_163' title='bbox 196 2791 337 2860; x_wconf 86' lang='lat' dir='ltr'>ulterius</span> <span class='ocrx_word' id='word_1_164' title='bbox 353 2815 420 2861; x_wconf 92' lang='lat' dir='ltr'>non</span> <span class='ocrx_word' id='word_1_165' title='bbox 437 2817 509 2861; x_wconf 90' lang='lat' dir='ltr'>esse</span> <span class='ocrx_word' id='word_1_166' title='bbox 522 2795 743 2862; x_wconf 85' lang='lat' dir='ltr'>differendam</span> <span class='ocrx_word' id='word_1_167' title='bbox 758 2799 957 2866; x_wconf 88' lang='lat' dir='ltr'>censuimus.</span> 
     </span>
    </p>

    <p class='ocr_par' dir='ltr' id='par_1_5' title="bbox 194 2897 1478 3193">
     <span class='ocr_line' id='line_1_25' title="bbox 244 2897 1478 2984; baseline 0 -22"><span class='ocrx_word' id='word_1_168' title='bbox 244 2897 472 2966; x_wconf 86' lang='lat' dir='ltr'>Praelatorum</span> <span class='ocrx_word' id='word_1_169' title='bbox 507 2903 619 2984; x_wconf 89' lang='lat' dir='ltr'>itaque</span> <span class='ocrx_word' id='word_1_170' title='bbox 655 2901 856 2966; x_wconf 88' lang='lat' dir='ltr'>Mexicanae</span> <span class='ocrx_word' id='word_1_171' title='bbox 879 2903 1016 2968; x_wconf 88' lang='lat' dir='ltr'>ditionis</span> <span class='ocrx_word' id='word_1_172' title='bbox 1039 2899 1242 2966; x_wconf 90' lang='lat' dir='ltr'>Antistitum</span> <span class='ocrx_word' id='word_1_173' title='bbox 1266 2909 1300 2962; x_wconf 92' lang='lat' dir='ltr'>et</span> <span class='ocrx_word' id='word_1_174' title='bbox 1361 2925 1478 2974; x_wconf 58' lang='lat' dir='ltr'>omnm,</span> 
     </span>
     <span class='ocr_line' id='line_1_26' title="bbox 194 2985 1478 3094; baseline -0.001 -29"><span class='ocrx_word' id='word_1_175' title='bbox 194 3001 374 3068; x_wconf 90' lang='lat' dir='ltr'>cuiuslibet</span> <span class='ocrx_word' id='word_1_176' title='bbox 406 3024 520 3068; x_wconf 90' lang='lat' dir='ltr'>eorum</span> <span class='ocrx_word' id='word_1_177' title='bbox 558 3025 756 3069; x_wconf 89' lang='lat' dir='ltr'>consensum</span> <span class='ocrx_word' id='word_1_178' title='bbox 791 3007 834 3075; x_wconf 89' lang='lat' dir='ltr'>ad</span> <span class='ocrx_word' id='word_1_179' title='bbox 861 3005 1017 3071; x_wconf 88' lang='lat' dir='ltr'>ellectum</span> <span class='ocrx_word' id='word_1_180' title='bbox 1052 3003 1297 3085; x_wconf 85' lang='lat' dir='ltr'>infrascriptum</span> <span class='ocrx_word' id='word_1_181' title='bbox 1326 2985 1478 3094; x_wconf 49' lang='lat' dir='ltr'>xsssisf&#39;z</span> 
     </span>
     <span class='ocr_line' id='line_1_27' title="bbox 194 3105 1478 3193; baseline -0.002 -24"><span class='ocrx_word' id='word_1_182' title='bbox 194 3107 404 3188; x_wconf 90' lang='lat' dir='ltr'>praestitum,</span> <span class='ocrx_word' id='word_1_183' title='bbox 419 3118 527 3173; x_wconf 91' lang='lat' dir='ltr'>ratum</span> <span class='ocrx_word' id='word_1_184' title='bbox 544 3117 786 3193; x_wconf 89' lang='lat' dir='ltr'>acceptumque</span> <span class='ocrx_word' id='word_1_185' title='bbox 801 3107 964 3174; x_wconf 89' lang='lat' dir='ltr'>habentes</span> <span class='ocrx_word' id='word_1_186' title='bbox 980 3119 1022 3186; x_wconf 91' lang='lat' dir='ltr'>et,</span> <span class='ocrx_word' id='word_1_187' title='bbox 1038 3115 1202 3191; x_wconf 89' lang='lat' dir='ltr'>quatenus</span> <span class='ocrx_word' id='word_1_188' title='bbox 1214 3124 1299 3187; x_wconf 91' lang='lat' dir='ltr'>opus</span> <span class='ocrx_word' id='word_1_189' title='bbox 1325 3105 1430 3149; x_wconf 67' lang='lat' dir='ltr'>‘0⁸³¹‘ll0</span> <span class='ocrx_word' id='word_1_190' title='bbox 1449 3119 1478 3151; x_wconf 61' lang='grc' dir='ltr'><em>Μ</em></span> 
     </span>
    </p>
   </div>
   <div class='ocr_carea' id='block_1_5' title="bbox 198 3175 1479 3297">
    <p class='ocr_par' dir='ltr' id='par_1_6' title="bbox 198 3175 1479 3297">
     <span class='ocr_line' id='line_1_28' title="bbox 198 3175 1479 3297; baseline -0.002 -24"><span class='ocrx_word' id='word_1_191' title='bbox 198 3209 252 3286; x_wconf 88' lang='lat' dir='ltr'>sit,</span> <span class='ocrx_word' id='word_1_192' title='bbox 266 3210 417 3276; x_wconf 93' lang='lat' dir='ltr'>omnium</span> <span class='ocrx_word' id='word_1_193' title='bbox 433 3222 467 3277; x_wconf 92' lang='lat' dir='ltr'>et</span> <span class='ocrx_word' id='word_1_194' title='bbox 486 3211 692 3295; x_wconf 85' lang='lat' dir='ltr'>singulorum</span> <span class='ocrx_word' id='word_1_195' title='bbox 720 3232 1006 3297; x_wconf 89' lang='lat' dir='ltr'>quorumcumque</span> <span class='ocrx_word' id='word_1_196' title='bbox 1029 3211 1116 3276; x_wconf 89' lang='lat' dir='ltr'>inid</span> <span class='ocrx_word' id='word_1_197' title='bbox 1140 3209 1299 3274; x_wconf 79' lang='lat' dir='ltr'>Interesse</span> <span class='ocrx_word' id='word_1_198' title='bbox 1324 3175 1479 3270; x_wconf 51' lang='lat' dir='ltr'>immae</span> 
     </span>
    </p>
   </div>
   <div class='ocr_carea' id='block_1_6' title="bbox 190 3289 1476 4329">
    <p class='ocr_par' dir='ltr' id='par_1_7' title="bbox 191 3289 1476 4119">
     <span class='ocr_line' id='line_1_29' title="bbox 193 3289 1476 3400; baseline -0.002 -22"><span class='ocrx_word' id='word_1_199' title='bbox 193 3313 394 3380; x_wconf 87' lang='lat' dir='ltr'>habentium</span> <span class='ocrx_word' id='word_1_200' title='bbox 411 3335 468 3380; x_wconf 86' lang='lat' dir='ltr'>seu</span> <span class='ocrx_word' id='word_1_201' title='bbox 484 3315 607 3380; x_wconf 88' lang='lat' dir='ltr'>habere</span> <span class='ocrx_word' id='word_1_202' title='bbox 629 3317 820 3400; x_wconf 90' lang='lat' dir='ltr'>putantium</span> <span class='ocrx_word' id='word_1_203' title='bbox 845 3316 895 3380; x_wconf 89' lang='lat' dir='ltr'>vel</span> <span class='ocrx_word' id='word_1_204' title='bbox 919 3315 1203 3399; x_wconf 89' lang='lat' dir='ltr'>praesumentium</span> <span class='ocrx_word' id='word_1_205' title='bbox 1219 3331 1298 3377; x_wconf 88' lang='lat' dir='ltr'>con·</span> <span class='ocrx_word' id='word_1_206' title='bbox 1323 3293 1381 3390; x_wconf 53' lang='lat' dir='ltr'>352⁰ss</span> <span class='ocrx_word' id='word_1_207' title='bbox 1429 3289 1476 3340; x_wconf 52' lang='grc' dir='ltr'>’μ’</span> 
     </span>
     <span class='ocr_line' id='line_1_30' title="bbox 195 3416 1297 3504; baseline -0.001 -24"><span class='ocrx_word' id='word_1_208' title='bbox 195 3418 308 3483; x_wconf 89' lang='lat' dir='ltr'>sensui</span> <span class='ocrx_word' id='word_1_209' title='bbox 324 3419 515 3485; x_wconf 90' lang='lat' dir='ltr'>huiusmodi</span> <span class='ocrx_word' id='word_1_210' title='bbox 535 3420 624 3484; x_wconf 88' lang='lat' dir='ltr'>haud</span> <span class='ocrx_word' id='word_1_211' title='bbox 648 3421 810 3503; x_wconf 90' lang='lat' dir='ltr'>praestito</span> <span class='ocrx_word' id='word_1_212' title='bbox 825 3441 981 3504; x_wconf 88' lang='lat' dir='ltr'>suprema</span> <span class='ocrx_word' id='word_1_213' title='bbox 1006 3420 1132 3484; x_wconf 90' lang='lat' dir='ltr'>Nostra</span> <span class='ocrx_word' id='word_1_214' title='bbox 1155 3416 1297 3482; x_wconf 88' lang='lat' dir='ltr'>auctori·</span> 
     </span>
     <span class='ocr_line' id='line_1_31' title="bbox 192 3517 1299 3607; baseline -0.003 -23"><span class='ocrx_word' id='word_1_215' title='bbox 192 3527 267 3584; x_wconf 88' lang='lat' dir='ltr'>tate</span> <span class='ocrx_word' id='word_1_216' title='bbox 296 3523 500 3606; x_wconf 89' lang='lat' dir='ltr'>supplentes,</span> <span class='ocrx_word' id='word_1_217' title='bbox 521 3524 715 3607; x_wconf 90' lang='lat' dir='ltr'>cunctisque</span> <span class='ocrx_word' id='word_1_218' title='bbox 742 3544 828 3606; x_wconf 89' lang='lat' dir='ltr'>quae</span> <span class='ocrx_word' id='word_1_219' title='bbox 862 3525 894 3588; x_wconf 91' lang='lat' dir='ltr'>in</span> <span class='ocrx_word' id='word_1_220' title='bbox 929 3521 1121 3588; x_wconf 90' lang='lat' dir='ltr'>huiusmodi</span> <span class='ocrx_word' id='word_1_221' title='bbox 1155 3517 1299 3604; x_wconf 86' lang='lat' dir='ltr'>negotiis</span> 
     </span>
     <span class='ocr_line' id='line_1_32' title="bbox 192 3623 1297 3708; baseline -0.003 -20"><span class='ocrx_word' id='word_1_222' title='bbox 192 3623 403 3708; x_wconf 90' lang='lat' dir='ltr'>inspicienda</span> <span class='ocrx_word' id='word_1_223' title='bbox 436 3638 513 3692; x_wconf 93' lang='lat' dir='ltr'>sunt</span> <span class='ocrx_word' id='word_1_224' title='bbox 547 3639 678 3692; x_wconf 89' lang='lat' dir='ltr'>matura</span> <span class='ocrx_word' id='word_1_225' title='bbox 706 3629 945 3692; x_wconf 88' lang='lat' dir='ltr'>deliberatione</span> <span class='ocrx_word' id='word_1_226' title='bbox 969 3627 1173 3693; x_wconf 89' lang='lat' dir='ltr'>examinatis</span> <span class='ocrx_word' id='word_1_227' title='bbox 1196 3631 1297 3706; x_wconf 89' lang='lat' dir='ltr'>atque</span> 
     </span>
     <span class='ocr_line' id='line_1_33' title="bbox 193 3731 1295 3816; baseline -0.002 -24"><span class='ocrx_word' id='word_1_228' title='bbox 193 3731 376 3812; x_wconf 83' lang='lat' dir='ltr'>perpensis,</span> <span class='ocrx_word' id='word_1_229' title='bbox 399 3750 460 3796; x_wconf 91' lang='lat' dir='ltr'>nec</span> <span class='ocrx_word' id='word_1_230' title='bbox 490 3752 557 3795; x_wconf 93' lang='lat' dir='ltr'>non</span> <span class='ocrx_word' id='word_1_231' title='bbox 580 3751 697 3796; x_wconf 91' lang='lat' dir='ltr'>omnes</span> <span class='ocrx_word' id='word_1_232' title='bbox 721 3743 755 3797; x_wconf 92' lang='lat' dir='ltr'>et</span> <span class='ocrx_word' id='word_1_233' title='bbox 778 3733 928 3815; x_wconf 83' lang='lat' dir='ltr'>singulos</span> <span class='ocrx_word' id='word_1_234' title='bbox 954 3733 1076 3816; x_wconf 91' lang='lat' dir='ltr'>quibus</span> <span class='ocrx_word' id='word_1_235' title='bbox 1103 3739 1295 3813; x_wconf 86' lang='lat' dir='ltr'>praesentes</span> 
     </span>
     <span class='ocr_line' id='line_1_34' title="bbox 193 3827 1433 3944; baseline -0.006 -46"><span class='ocrx_word' id='word_1_236' title='bbox 193 3831 324 3898; x_wconf 89' lang='lat' dir='ltr'>litterae</span> <span class='ocrx_word' id='word_1_237' title='bbox 340 3832 454 3899; x_wconf 88' lang='lat' dir='ltr'>lavent</span> <span class='ocrx_word' id='word_1_238' title='bbox 468 3855 489 3897; x_wconf 91' lang='lat' dir='ltr'>a</span> <span class='ocrx_word' id='word_1_239' title='bbox 504 3833 675 3916; x_wconf 90' lang='lat' dir='ltr'>quibusvis</span> <span class='ocrx_word' id='word_1_240' title='bbox 691 3835 1049 3900; x_wconf 88' lang='lat' dir='ltr'>excommunicationis</span> <span class='ocrx_word' id='word_1_241' title='bbox 1070 3843 1103 3910; x_wconf 85' lang='lat' dir='ltr'>et</span> <span class='ocrx_word' id='word_1_242' title='bbox 1127 3827 1294 3895; x_wconf 90' lang='lat' dir='ltr'>interdicti</span> <span class='ocrx_word' id='word_1_243' title='bbox 1359 3897 1382 3943; x_wconf 69' lang='lat' dir='ltr'><em>P</em></span> <span class='ocrx_word' id='word_1_244' title='bbox 1411 3900 1433 3944; x_wconf 40' lang='lat' dir='ltr'>t,</span> 
     </span>
     <span class='ocr_line' id='line_1_35' title="bbox 191 3901 1474 4019; baseline 0.005 -21"><span class='ocrx_word' id='word_1_245' title='bbox 191 3933 334 4018; x_wconf 85' lang='lat' dir='ltr'>aliisque</span> <span class='ocrx_word' id='word_1_246' title='bbox 356 3937 588 4000; x_wconf 89' lang='lat' dir='ltr'>ecclesiasticis</span> <span class='ocrx_word' id='word_1_247' title='bbox 610 3937 794 4014; x_wconf 89' lang='lat' dir='ltr'>sententiis,</span> <span class='ocrx_word' id='word_1_248' title='bbox 809 3938 956 4002; x_wconf 92' lang='lat' dir='ltr'>censuris</span> <span class='ocrx_word' id='word_1_249' title='bbox 972 3947 1005 4001; x_wconf 90' lang='lat' dir='ltr'>et</span> <span class='ocrx_word' id='word_1_250' title='bbox 1021 3935 1147 4019; x_wconf 91' lang='lat' dir='ltr'>poenis,</span> <span class='ocrx_word' id='word_1_251' title='bbox 1170 3934 1197 3997; x_wconf 92' lang='lat' dir='ltr'>si</span> <span class='ocrx_word' id='word_1_252' title='bbox 1222 3931 1294 4014; x_wconf 93' lang='lat' dir='ltr'>qui·</span> <span class='ocrx_word' id='word_1_253' title='bbox 1321 3901 1474 4017; x_wconf 50' lang='lat' dir='ltr'>nrgssn‘s‘x</span> 
     </span>
     <span class='ocr_line' id='line_1_36' title="bbox 191 4035 1295 4119; baseline -0.003 -19"><span class='ocrx_word' id='word_1_254' title='bbox 191 4035 257 4100; x_wconf 88' lang='lat' dir='ltr'>bus</span> <span class='ocrx_word' id='word_1_255' title='bbox 279 4039 533 4119; x_wconf 89' lang='lat' dir='ltr'>quomodolibet</span> <span class='ocrx_word' id='word_1_256' title='bbox 548 4039 699 4104; x_wconf 88' lang='lat' dir='ltr'>innodati</span> <span class='ocrx_word' id='word_1_257' title='bbox 723 4038 882 4118; x_wconf 89' lang='lat' dir='ltr'>existunt,</span> <span class='ocrx_word' id='word_1_258' title='bbox 897 4039 942 4105; x_wconf 88' lang='lat' dir='ltr'>ad</span> <span class='ocrx_word' id='word_1_259' title='bbox 958 4037 1115 4103; x_wconf 82' lang='lat' dir='ltr'>effectum</span> <span class='ocrx_word' id='word_1_260' title='bbox 1140 4055 1295 4119; x_wconf 89' lang='lat' dir='ltr'>praesen·</span> 
     </span>
    </p>

    <p class='ocr_par' dir='ltr' id='par_1_8' title="bbox 190 4139 1294 4329">
     <span class='ocr_line' id='line_1_37' title="bbox 190 4139 1294 4226; baseline -0.001 -22"><span class='ocrx_word' id='word_1_261' title='bbox 190 4139 278 4204; x_wconf 87' lang='lat' dir='ltr'>tium</span> <span class='ocrx_word' id='word_1_262' title='bbox 305 4151 437 4206; x_wconf 87' lang='lat' dir='ltr'>tantum</span> <span class='ocrx_word' id='word_1_263' title='bbox 465 4144 746 4226; x_wconf 90' lang='lat' dir='ltr'>consequendum,</span> <span class='ocrx_word' id='word_1_264' title='bbox 772 4143 889 4207; x_wconf 88' lang='lat' dir='ltr'>harum</span> <span class='ocrx_word' id='word_1_265' title='bbox 920 4143 1004 4207; x_wconf 88' lang='lat' dir='ltr'>serie</span> <span class='ocrx_word' id='word_1_266' title='bbox 1026 4140 1238 4207; x_wconf 89' lang='lat' dir='ltr'>absolventes</span> <span class='ocrx_word' id='word_1_267' title='bbox 1261 4149 1294 4204; x_wconf 91' lang='lat' dir='ltr'>et</span> 
     </span>
     <span class='ocr_line' id='line_1_38' title="bbox 191 4243 1294 4329; baseline 0.002 -23"><span class='ocrx_word' id='word_1_268' title='bbox 191 4243 366 4310; x_wconf 85' lang='lat' dir='ltr'>absolutos</span> <span class='ocrx_word' id='word_1_269' title='bbox 382 4245 452 4310; x_wconf 88' lang='lat' dir='ltr'>lore</span> <span class='ocrx_word' id='word_1_270' title='bbox 474 4256 657 4324; x_wconf 88' lang='lat' dir='ltr'>censentes,</span> <span class='ocrx_word' id='word_1_271' title='bbox 673 4255 765 4310; x_wconf 92' lang='lat' dir='ltr'>motu</span> <span class='ocrx_word' id='word_1_272' title='bbox 782 4245 917 4329; x_wconf 91' lang='lat' dir='ltr'>proprio</span> <span class='ocrx_word' id='word_1_273' title='bbox 932 4255 966 4312; x_wconf 92' lang='lat' dir='ltr'>et</span> <span class='ocrx_word' id='word_1_274' title='bbox 981 4265 1026 4309; x_wconf 87' lang='lat' dir='ltr'>ex</span> <span class='ocrx_word' id='word_1_275' title='bbox 1050 4254 1140 4310; x_wconf 86' lang='lat' dir='ltr'>certa</span> <span class='ocrx_word' id='word_1_276' title='bbox 1155 4244 1294 4310; x_wconf 89' lang='lat' dir='ltr'>scientia</span> 
     </span>
    </p>
   </div>
   <div class='ocr_carea' id='block_1_7' title="bbox 190 4345 1293 4434">
    <p class='ocr_par' dir='ltr' id='par_1_9' title="bbox 190 4345 1293 4434">
     <span class='ocr_line' id='line_1_39' title="bbox 190 4345 1293 4434; baseline 0.007 -24"><span class='ocrx_word' id='word_1_277' title='bbox 190 4345 305 4431; x_wconf 87' lang='lat' dir='ltr'>deque</span> <span class='ocrx_word' id='word_1_278' title='bbox 320 4349 539 4433; x_wconf 89' lang='lat' dir='ltr'>Apostolicae</span> <span class='ocrx_word' id='word_1_279' title='bbox 554 4351 729 4434; x_wconf 90' lang='lat' dir='ltr'>potestatis</span> <span class='ocrx_word' id='word_1_280' title='bbox 750 4351 967 4433; x_wconf 90' lang='lat' dir='ltr'>plenitudine,</span> <span class='ocrx_word' id='word_1_281' title='bbox 984 4370 1105 4416; x_wconf 87' lang='lat' dir='ltr'>novam</span> <span class='ocrx_word' id='word_1_282' title='bbox 1133 4351 1166 4416; x_wconf 95' lang='lat' dir='ltr'>in</span> <span class='ocrx_word' id='word_1_283' title='bbox 1184 4351 1293 4418; x_wconf 86' lang='lat' dir='ltr'>Mexi-</span> 
     </span>
    </p>
   </div>
   <div class='ocr_carea' id='block_1_8' title="bbox 0 0 1682 4938">
    <p class='ocr_par' dir='ltr' id='par_1_10' title="bbox 0 0 1682 4938">
     <span class='ocr_line' id='line_1_40' title="bbox 0 0 1682 4938; baseline 0 0"><span class='ocrx_word' id='word_1_284' title='bbox 0 0 1682 4938; x_wconf 95' lang='lat' dir='ltr'> </span> 
     </span>
    </p>
   </div>
  </div>
 </body>
</html>
