3352 4926
400 279 471 346 294
751 275 871 324 INDEX
899 271 1147 324 ANALl'TICUS.

1450 417 1508 468 Pez-

466 503 538 559 ratio
557 514 601 558 est
613 502 780 556 subversr'va
792 501 921 555 ordinis:
933 499 1020 556 nutrit
1032 497 1201 567 discordias,
1215 496 1364 565 desidiam,
1377 496 1430 550 mi·

466 584 569 639 seriam
582 583 640 651 183.
649 611 684 622 -·
693 579 902 649 Recapitulatio
918 579 1168 646 iiia—Conclusio
1180 578 1427 635 :Fundamentum

466 679 540 718 verae
550 660 754 716 sublevationis
764 659 874 729 privata
887 658 1033 728 possessio
1046 657 1104 723 184

503 741 803 794 11.Pans1³0s1nva
821 767 857 777 -
874 738 971 793 Urina
993 748 1170 792 ceraunon
1186 747 1235 790 srr
1247 744 1430 790 annnorum

467 821 557 875 Sacro
579 836 694 873 munere
707 818 753 872 hic
766 817 891 888 iungitur
905 816 1034 870 Pontifex
1055 815 1113 882 184
1138 844 1174 854 -
1187 814 1270 870 Certe
1281 811 1432 884 requiritur

466 898 611 954 contentio
624 897 715 952 civilis
727 898 885 966 potestatis,
898 911 931 950 ac
948 895 1094 966 utriusque
1105 894 1226 960 ordinis;
1239 893 1290 948 sed
1302 891 1431 946 Ecclesia

461 977 623 1048 posthabita
637 976 729 1030 inanis
742 975 794 1030 erit
807 975 956 1030 hominurn
971 990 1060 1045 opera
1080 973 1137 1040 184.
1150 1002 1187 1013 -
1199 971 1236 1040 A)
1251 973 1431 1026 Rananrun

466 1068 608 1111 nivisium
618 1067 750 1110 ananan
759 1053 1051 1121 rccnasmdocm'na,
1057 1054 1212 1124 praecptis,
1220 1053 1362 1106 imrilun's
1371 1051 1430 1114 184.

466 1165 501 1176 -
513 1142 539 1189 1⁰
549 1136 729 1190 Doctrina
745 1135 839 1188 Docet
849 1132 924 1188 enim
940 1133 1089 1187 Ecclesia:
1101 1150 1120 1185 a
1123 1133 1138 1198 )
1148 1132 1221 1188 inter
1227 1131 1358 1186 homines
1368 1131 1431 1195 ipsa

465 1225 567 1270 natura
579 1213 673 1268 varias
684 1229 749 1268 esse
766 1211 1019 1279 dissimilitudines,
1039 1211 1124 1282 idque
1146 1210 1175 1266 in
1188 1213 1294 1265 bonurn
1304 1224 1431 1265 commu·

465 1293 582 1358 nitatis,
600 1291 633 1363 b)
645 1293 772 1362 corporis
786 1293 922 1360 laborem,
943 1292 971 1345 in
997 1301 1073 1347 statu
1087 1290 1258 1346 innocentiae
1273 1303 1428 1352 amoenum,

465 1382 531 1444 post
543 1372 656 1442 lapsum
669 1371 795 1426 evasisse
808 1371 928 1426 arduum
939 1389 947 1436 ς
960 1367 992 1439 c)
1003 1371 1126 1441 reliquas
1138 1369 1318 1439 acerbitates,
1326 1366 1431 1438 quibus

469 1451 497 1507 ln
510 1467 626 1522 poenam
646 1451 706 1506 vita
727 1466 855 1521 praesens
877 1450 1019 1520 affligitur,
1032 1449 1092 1505 tolli
1113 1448 1230 1504 omnino
1249 1465 1307 1503 non
1329 1463 1425 1518 posset

465 1529 611 1602 mnarum
621 1540 772 1599 utrumque
781 1529 912 1584 ordinem
923 1527 1082 1599 comparari
1096 1545 1153 1583 non
1166 1528 1203 1582 ad
1213 1525 1429 1596 digladiandum

466 1610 540 1664 inter
550 1625 591 1677 se,
604 1609 655 1663 sed
668 1608 705 1662 ad
719 1608 884 1664 harmonice
897 1607 1118 1678 conspirandum
1140 1607 1262 1676 ris-185.

502 1688 530 1743 2⁰
550 1689 652 1744 Ortum
664 1704 731 1744 vero
744 1698 889 1742 certamen
902 1686 1020 1743 mirifice
1032 1685 1138 1742 dirimit
1161 1686 1292 1741 Ecclesia
1316 1685 1374 1740 186.
1396 1711 1431 1722 ·-

466 1768 650 1822 Praesens
673 1766 709 1836 a)
720 1779 869 1832 Jusrmrs
885 1784 892 1821 ε
909 1766 1003 1821 officia
1012 1765 1218 1822 commendans
1231 1764 1258 1831 α)
1272 1764 1328 1819 alia
1341 1763 1430 1834 prole·

466 1845 539 1900 tario
550 1856 578 1899 et
592 1845 686 1917 opifici
700 1865 708 1912 3
729 1845 757 1914 β)
769 1845 826 1900 alia
838 1844 972 1902 divitibus
984 1861 1018 1901 ac
1030 1845 1154 1900 dominis
1166 1863 1173 1901 ε
1187 1842 1221 1908 α’)
1234 1843 1388 1900 verendam
1400 1841 1429 1896 in

466 1922 568 1994 opifice
580 1923 748 1992 dignitatem
760 1924 915 1979 humanam
928 1925 1157 1994 et'christlanam,
1166 1921 1358 1979 conditionem
1368 1937 1431 1992 per·

465 2002 625 2071 honestam,
638 2003 813 2073 religionem,
826 2019 928 2071 mores,
941 2004 1015 2058 vires
1027 2019 1062 2060 ac
1071 2020 1187 2069 sexum3
1202 1999 1236 2076 β’)
1249 2001 1429 2058 statuendam

466 2098 500 2140 ac
511 2081 676 2137 solvendam
690 2099 724 2138 ex
737 2082 846 2152 integro
855 2083 963 2153 justam
975 2083 1146 2151 mercedem,
1155 2081 1359 2151 vitandumque
1370 2079 1431 2150 pia·

467 2162 561 2218 culum
574 2163 715 2218 caelestem
730 2161 886 2216 vindictam
907 2161 1038 2231 exigens;
1058 2161 1086 2231 γ)
1098 2161 1269 2232 compendia
1278 2160 1430 2231 proletario

466 2255 528 2296 nrm
538 2241 660 2295 fovenda
676 2238 868 2310 ido-187.-b)
881 2252 1071 2296 Catharmis
1085 2240 1200 2311 insuper
1211 2240 1361 2311 praeceptis
1376 2239 1430 2294 Ec·

464 2319 552 2375 clesia
561 2331 713 2389 utrumque
722 2321 851 2376 ordinem
866 2319 993 2392 proxime
1006 2319 1158 2391 conjungit.
1173 2320 1267 2375 Docet
1279 2319 1356 2374 enim
1369 2336 1376 2374 ι
1390 2319 1430 2384 n)-

464 2413 577 2452 omms:
589 2396 623 2467 α’)
637 2398 703 2453 vitae
724 2401 858 2469 praesenti
918 2399 1010 2455 rhrevi
1032 2411 1169 2454 aeternam
1182 2399 1270 2453 vitam
1286 2413 1429 2454 successu·

464 2485 534 2536 ram,
547 2485 612 2539 quae
631 2485 699 2524 vera
711 2471 769 2526 vita
782 2482 825 2527 est
837 2490 844 2537 ;
859 2417 943 2544 β’ξῖιά
954 2487 1041 2542 quam
1061 2469 1266 2541 acquirendam
1285 2486 1342 2524 non
1361 2483 1428 2524 con·

464 2547 541 2602 ducit
553 2548 694 2603 bonorum
716 2551 891 2606 terrestrium
914 2550 1067 2620 possessio,
1080 2550 1131 2604 sed
1151 2565 1239 2613 usus;
1260 2547 1295 2624 γ’)
1309 2563 1425 2618 praser-

464 2626 573 2697 timque
585 2627 697 2682 labores
710 2630 841 2698 exemplo
851 2630 928 2699 Jasu
941 2631 1073 2686 Camssl
1086 2629 1227 2700 patienter
1239 2627 1351 2683 tolerati
1368 2628 1425 2692 187.

466 2703 493 2778 β)
508 2706 601 2760 Docet
620 2705 735 2778 insuper
756 2708 887 2764 Ecclesia
898 2709 1021 2766 divales:
1040 2705 1075 2778 a')
1088 2726 1158 2780 opes
1176 2709 1357 2781 acquirendae
1368 2707 1430 2764 seli·

465 2783 543 2840 citati
568 2794 683 2841 aeternae
706 2787 808 2842 obesse
830 2788 922 2857 magis
935 2804 1022 2859 quam
1043 2788 1199 2858 prodesse;
1222 2783 1256 2859 ill
1268 2791 1354 2859 bona,
1373 2788 1427 2842 etsi

460 2864 537 2936 juste
557 2880 700 2934 possessa,
714 2865 742 2920 in
762 2867 955 2922 levamentum
979 2878 1076 2923 tamen
1101 2868 1246 2938 egentium
1270 2867 1341 2938 ipsis
1364 2882 1430 2922 esse

464 2943 626 3012 commissa,
641 2943 669 2998 id
682 2955 734 3014 est,
748 2955 778 3000 ut
790 2945 972 3015 superfluum,
984 2960 1042 3000 non
1062 2946 1178 3017 quidem
1198 2963 1232 3002 ex
1245 2946 1364 3018 justitia,
1377 2944 1427 3000 sed

466 3039 501 3078 ex
513 3023 652 3079 charitate
664 3040 728 3078 curn
741 3025 913 3096 pauperibus
922 3025 1134 3081 communicent
1150 3026 1206 3081 188.
1220 3055 1255 3066 ·—
1268 3026 1340 3094 Quae
1353 3039 1428 3079 com-

464 3103 628 3170 municatio,
643 3102 757 3158 Christo
779 3113 860 3172 teste,
886 3103 1037 3175 praedulcis
1058 3113 1110 3174 est,
1132 3103 1213 3176 quasi
1235 3105 1291 3174 ipsi
1315 3102 1430 3160 Christo

465 3181 541 3238 facta
557 3182 614 3236 188.
625 3211 659 3221 —
674 3183 766 3237 Docet
779 3185 866 3237 verbo
880 3183 1011 3240 Ecclesia
1023 3199 1123 3240 omnes
1135 3183 1336 3255 qualicumque
1348 3179 1431 3252 copia

466 3263 605 3316 bonorum
619 3260 646 3315 in
660 3261 780 3316 aliorum
794 3279 861 3316 usus
875 3279 893 3316 a
907 3263 970 3318 Deo
983 3279 1047 3318 esse
1058 3261 1165 3318 ditatos
1181 3263 1238 3332 189.
1249 3289 1285 3301 —
1294 3261 1322 3333 γ)
1337 3261 1431 3316 Docet

467 3340 582 3395 demum
594 3341 674 3394 bonis
675 3342 808 3411 fortuna
824 3347 968 3396 carentes:
986 3341 1022 3404 α’)
1035 3358 1221 3412 permagnum
1240 3358 1304 3397 esse
1324 3349 1431 3396 statum

465 3435 550 3490 quem
561 3418 649 3473 Filius
663 3420 720 3474 Dei
733 3419 879 3488 amplexus
892 3430 947 3486 est;
967 3419 1001 3491 β’)
1015 3437 1096 3476 veras
1109 3419 1224 3476 divitias
1237 3420 1267 3476 in
1279 3419 1428 3474 virtutibus

464 3514 529 3552 esse
541 3497 650 3568 positas
661 3517 668 3563 ;
681 3497 716 3572 γ’)
729 3498 943 3570 propensiorem
965 3516 1015 3554 cor
1034 3499 1089 3555 Dei
1103 3500 1141 3554 ad
1162 3515 1300 3570 pauperes
1321 3497 1428 3554 habere

464 3577 638 3632 voluntatem
664 3579 721 3645 189.
735 3607 771 3618 ·-
793 3579 858 3648 Qua
881 3577 1011 3634 doctrina
1036 3579 1128 3635 amice
1150 3579 1295 3649 utriusque
1319 3575 1428 3634 ordinis

462 3654 551 3710 animi
565 3655 734 3724 copulantur
748 3657 806 3728 189.
820 3687 855 3697 ·-
871 3655 902 3728 c)
916 3657 978 3714 Nec
994 3658 1083 3714 satis:
1106 3659 1261 3716 christiana
1285 3669 1429 3731 praecepta

465 3745 662 3788 mnesteus(
675 3735 793 3804 gignunt
806 3747 945 3791 aaronem
962 3751 1019 3804 190.
1031 3739 1212 3796 -Omnium
1224 3741 1382 3807 hominum,
1399 3737 1428 3808 a)

463 3830 537 3868 unus
548 3823 591 3868 est
606 3814 732 3883 Creator,
747 3813 774 3883 β)
788 3831 861 3870 unus
874 3813 948 3883 finis,
960 3815 989 3889 γ)
1002 3833 1075 3872 unus
1089 3819 1273 3890 Redemptor,
1285 3819 1427 3891 primoge-

464 3893 540 3948 nitus
553 3891 627 3948 inter
638 3893 747 3962 iratres,
760 3891 786 3962 δ)
800 3910 872 3948 unus
885 3893 1040 3963 gratianum
1054 3895 1203 3954 thesaurus
1218 3914 1277 3968 190.

499 3973 658 4040 3⁰Demum
667 3973 824 4028 remedium
833 3971 895 4044 ipsa
901 3973 1031 4031 Ecclesia
1037 3975 1154 4033 adhibet
1166 3989 1343 4034 lrtsrlwns
1351 3987 1429 4033 suls

464 4049 500 4121 a)
523 4053 646 4106 Am'mos
665 4051 786 4108 instituit
799 4069 850 4123 per
867 4053 1057 4110 ministerium
1074 4055 1280 4114 hierarchicum
1293 4054 1431 4112 divinitus

463 4131 572 4199 efficax,
585 4142 613 4186 et
626 4130 726 4188 intima
745 4132 893 4188 hominum
909 4134 1053 4204 attingens
1077 4147 1134 4205 19o
1146 4135 1280 4205 —Cujus
1302 4133 1429 4190 ministe-

463 4207 495 4262 rii
508 4209 641 4264 virtutem
652 4210 772 4266 historia
783 4220 904 4267 testatur
924 4226 981 4280 191.
999 4241 1036 4254 -
1055 4214 1089 4269 ln
1101 4217 1179 4286 Jcsu
1198 4214 1341 4270 Canrsro
1360 4213 1429 4268 olim

462 4285 628 4342 instauratae
637 4297 665 4343 et
675 4304 726 4359 per
739 4289 833 4359 ipsum
845 4290 883 4346 ad
892 4291 1004 4347 culmen
1018 4293 1086 4347 olim
1094 4292 1275 4364 perfectionis
1288 4291 1428 4360 advecta,
