<?xml version="1.0" encoding="UTF-8"?>
<!DOCTYPE html PUBLIC "-//W3C//DTD XHTML 1.0 Transitional//EN"
    "http://www.w3.org/TR/xhtml1/DTD/xhtml1-transitional.dtd">
<html xmlns="http://www.w3.org/1999/xhtml" xml:lang="en" lang="en">
 <head>
  <title>
</title>
<meta http-equiv="Content-Type" content="text/html;charset=utf-8" />
  <meta name='ocr-system' content='tesseract 3.04.00' />
  <meta name='ocr-capabilities' content='ocr_page ocr_carea ocr_par ocr_line ocrx_word'/>
</head>
<body>
  <div class='ocr_page' id='page_1' title='image "./sanctissimidomi02xiiigoog_0167.png"; bbox 0 0 3354 4938; ppageno 0'>
   <div class='ocr_carea' id='block_1_1' title="bbox 396 298 1392 388">
    <p class='ocr_par' dir='ltr' id='par_1_1' title="bbox 396 298 1392 388">
     <span class='ocr_line' id='line_1_1' title="bbox 396 298 1392 388; baseline 0.005 -22"><span class='ocrx_word' id='word_1_1' title='bbox 396 298 463 388; x_wconf 86' lang='lat'>158</span> <span class='ocrx_word' id='word_1_2' title='bbox 492 317 671 367; x_wconf 77' lang='lat' dir='ltr'>srrsronn</span> <span class='ocrx_word' id='word_1_3' title='bbox 692 303 712 330; x_wconf 86' lang='lat'>“</span> <span class='ocrx_word' id='word_1_4' title='bbox 733 315 773 366; x_wconf 83' lang='lat' dir='ltr'>nv</span> <span class='ocrx_word' id='word_1_5' title='bbox 794 315 875 366; x_wconf 83' lang='lat' dir='ltr'>rrso</span> <span class='ocrx_word' id='word_1_6' title='bbox 894 315 1058 366; x_wconf 74' lang='lat' dir='ltr'>summu</span> <span class='ocrx_word' id='word_1_7' title='bbox 1080 317 1352 371; x_wconf 74' lang='lat' dir='ltr'>rourrsrcnrus</span> <span class='ocrx_word' id='word_1_8' title='bbox 1372 356 1392 382; x_wconf 91' lang='lat'>‚,</span> 
     </span>
    </p>
   </div>
   <div class='ocr_carea' id='block_1_2' title="bbox 211 489 1498 603">
    <p class='ocr_par' dir='ltr' id='par_1_2' title="bbox 211 489 1498 603">
     <span class='ocr_line' id='line_1_2' title="bbox 211 489 1498 603; baseline 0.002 -47"><span class='ocrx_word' id='word_1_9' title='bbox 211 499 364 603; x_wconf 54' lang='lat' dir='ltr'>wfflqqf</span> <span class='ocrx_word' id='word_1_10' title='bbox 389 495 459 558; x_wconf 92' lang='lat' dir='ltr'>sive</span> <span class='ocrx_word' id='word_1_11' title='bbox 473 495 564 577; x_wconf 91' lang='lat' dir='ltr'>quod</span> <span class='ocrx_word' id='word_1_12' title='bbox 581 490 845 558; x_wconf 89' lang='lat' dir='ltr'>adversariorum</span> <span class='ocrx_word' id='word_1_13' title='bbox 871 489 905 552; x_wconf 94' lang='lat' dir='ltr'>in</span> <span class='ocrx_word' id='word_1_14' title='bbox 932 490 1079 572; x_wconf 90' lang='lat' dir='ltr'>ipsarum</span> <span class='ocrx_word' id='word_1_15' title='bbox 1096 489 1222 556; x_wconf 87' lang='lat' dir='ltr'>damna</span> <span class='ocrx_word' id='word_1_16' title='bbox 1242 493 1420 558; x_wconf 83' lang='lat' dir='ltr'>nitentium</span> <span class='ocrx_word' id='word_1_17' title='bbox 1438 495 1498 559; x_wconf 88' lang='lat' dir='ltr'>eli-</span> 
     </span>
    </p>
   </div>
   <div class='ocr_carea' id='block_1_3' title="bbox 207 593 1497 992">
    <p class='ocr_par' dir='ltr' id='par_1_3' title="bbox 207 593 1497 992">
     <span class='ocr_line' id='line_1_3' title="bbox 211 593 1497 680; baseline 0.002 -18"><span class='ocrx_word' id='word_1_18' title='bbox 211 616 341 662; x_wconf 66' lang='lat' dir='ltr'>cessmum</span> <span class='ocrx_word' id='word_1_19' title='bbox 389 593 472 662; x_wconf 86' lang='lat' dir='ltr'>dant</span> <span class='ocrx_word' id='word_1_20' title='bbox 487 597 611 680; x_wconf 89' lang='lat' dir='ltr'>scripta</span> <span class='ocrx_word' id='word_1_21' title='bbox 635 605 668 660; x_wconf 91' lang='lat' dir='ltr'>et</span> <span class='ocrx_word' id='word_1_22' title='bbox 693 593 929 676; x_wconf 84' lang='lat' dir='ltr'>contagionem</span> <span class='ocrx_word' id='word_1_23' title='bbox 957 593 1123 676; x_wconf 85' lang='lat' dir='ltr'>impuram</span> <span class='ocrx_word' id='word_1_24' title='bbox 1151 605 1337 665; x_wconf 87' lang='lat' dir='ltr'>coerceant.</span> <span class='ocrx_word' id='word_1_25' title='bbox 1352 597 1402 662; x_wconf 90' lang='lat' dir='ltr'>At</span> <span class='ocrx_word' id='word_1_26' title='bbox 1416 619 1497 664; x_wconf 87' lang='lat' dir='ltr'>vero</span> 
     </span>
     <span class='ocr_line' id='line_1_4' title="bbox 211 675 1497 783; baseline 0.002 -18"><span class='ocrx_word' id='word_1_27' title='bbox 211 675 363 780; x_wconf 53' lang='grc' dir='ltr'>ἵζᾝζῖἔξ</span> <span class='ocrx_word' id='word_1_28' title='bbox 389 703 422 765; x_wconf 94' lang='lat' dir='ltr'>in</span> <span class='ocrx_word' id='word_1_29' title='bbox 438 701 620 766; x_wconf 90' lang='lat' dir='ltr'>Austriaco</span> <span class='ocrx_word' id='word_1_30' title='bbox 635 699 776 783; x_wconf 90' lang='lat' dir='ltr'>imperio</span> <span class='ocrx_word' id='word_1_31' title='bbox 790 697 1005 763; x_wconf 90' lang='lat' dir='ltr'>tribuendum</span> <span class='ocrx_word' id='word_1_32' title='bbox 1022 696 1086 762; x_wconf 93' lang='lat' dir='ltr'>illis</span> <span class='ocrx_word' id='word_1_33' title='bbox 1102 719 1204 782; x_wconf 89' lang='lat' dir='ltr'>quam</span> <span class='ocrx_word' id='word_1_34' title='bbox 1232 701 1423 783; x_wconf 88' lang='lat' dir='ltr'>plurimum,</span> <span class='ocrx_word' id='word_1_35' title='bbox 1439 703 1497 768; x_wconf 93' lang='lat' dir='ltr'>ubi</span> 
     </span>
     <span class='ocr_line' id='line_1_5' title="bbox 207 799 1497 914; baseline 0.002 -45"><span class='ocrx_word' id='word_1_36' title='bbox 207 800 362 914; x_wconf 40' lang='lat' dir='ltr'>{mid</span> <span class='ocrx_word' id='word_1_37' title='bbox 388 804 545 888; x_wconf 81' lang='lat' dir='ltr'>vulgatae</span> <span class='ocrx_word' id='word_1_38' title='bbox 575 801 805 887; x_wconf 87' lang='lat' dir='ltr'>ephemerides</span> <span class='ocrx_word' id='word_1_39' title='bbox 835 799 973 864; x_wconf 88' lang='lat' dir='ltr'>infensis</span> <span class='ocrx_word' id='word_1_40' title='bbox 999 800 1170 867; x_wconf 88' lang='lat' dir='ltr'>Ecclesiae</span> <span class='ocrx_word' id='word_1_41' title='bbox 1199 803 1394 870; x_wconf 90' lang='lat' dir='ltr'>hominibus</span> <span class='ocrx_word' id='word_1_42' title='bbox 1425 826 1497 871; x_wconf 83' lang='lat' dir='ltr'>ma·</span> 
     </span>
     <span class='ocr_line' id='line_1_6' title="bbox 211 903 1496 992; baseline 0.002 -20"><span class='ocrx_word' id='word_1_43' title='bbox 211 911 240 956; x_wconf 66' lang='lat' dir='ltr'>in</span> <span class='ocrx_word' id='word_1_44' title='bbox 291 914 374 979; x_wconf 65' lang='lat' dir='ltr'>vulso,</span> <span class='ocrx_word' id='word_1_45' title='bbox 388 927 491 992; x_wconf 86' lang='lat' dir='ltr'>gnam</span> <span class='ocrx_word' id='word_1_46' title='bbox 507 915 636 991; x_wconf 91' lang='lat' dir='ltr'>partem</span> <span class='ocrx_word' id='word_1_47' title='bbox 653 905 875 980; x_wconf 90' lang='lat' dir='ltr'>subserviunt,</span> <span class='ocrx_word' id='word_1_48' title='bbox 889 903 933 968; x_wconf 90' lang='lat' dir='ltr'>ab</span> <span class='ocrx_word' id='word_1_49' title='bbox 956 903 1078 986; x_wconf 88' lang='lat' dir='ltr'>eisque,</span> <span class='ocrx_word' id='word_1_50' title='bbox 1094 925 1203 970; x_wconf 90' lang='lat' dir='ltr'>rerum</span> <span class='ocrx_word' id='word_1_51' title='bbox 1230 909 1329 992; x_wconf 92' lang='lat' dir='ltr'>copia</span> <span class='ocrx_word' id='word_1_52' title='bbox 1357 908 1496 974; x_wconf 90' lang='lat' dir='ltr'>affluen-</span> 
     </span>
    </p>
   </div>
   <div class='ocr_carea' id='block_1_4' title="bbox 202 977 1496 2548">
    <p class='ocr_par' dir='ltr' id='par_1_4' title="bbox 202 977 1496 2548">
     <span class='ocr_line' id='line_1_7' title="bbox 210 977 1323 1030; baseline -0.002 0"><span class='ocrx_word' id='word_1_53' title='bbox 210 977 326 1030; x_wconf 51' lang='grc' dir='ltr'>ΨΜ*</span> <span class='ocrx_word' id='word_1_54' title='bbox 405 1012 412 1027; x_wconf 85' lang='grc'><strong><em>.</em></strong></span> <span class='ocrx_word' id='word_1_55' title='bbox 558 1012 590 1026; x_wconf 87' lang='grc'>..</span> <span class='ocrx_word' id='word_1_56' title='bbox 674 1009 681 1024; x_wconf 87' lang='lat'><strong>·</strong></span> <span class='ocrx_word' id='word_1_57' title='bbox 776 1007 784 1022; x_wconf 90' lang='lat'><strong>·</strong></span> <span class='ocrx_word' id='word_1_58' title='bbox 1029 1007 1038 1022; x_wconf 92' lang='lat'><strong>·</strong></span> <span class='ocrx_word' id='word_1_59' title='bbox 1279 1013 1287 1028; x_wconf 92' lang='lat'><em>.</em></span> <span class='ocrx_word' id='word_1_60' title='bbox 1315 1011 1323 1028; x_wconf 89' lang='lat'><strong>.</strong></span> 
     </span>
     <span class='ocr_line' id='line_1_8' title="bbox 211 1007 1496 1096; baseline 0.002 -21"><span class='ocrx_word' id='word_1_61' title='bbox 211 1035 261 1076; x_wconf 74' lang='lat' dir='ltr'>rur.</span> <span class='ocrx_word' id='word_1_62' title='bbox 387 1012 488 1090; x_wconf 89' lang='lat' dir='ltr'>trbus,</span> <span class='ocrx_word' id='word_1_63' title='bbox 503 1011 633 1075; x_wconf 88' lang='lat' dir='ltr'>facrlrus</span> <span class='ocrx_word' id='word_1_64' title='bbox 648 1011 910 1073; x_wconf 86' lang='lat' dir='ltr'>drssemrnantur</span> <span class='ocrx_word' id='word_1_65' title='bbox 925 1015 959 1071; x_wconf 91' lang='lat' dir='ltr'>et</span> <span class='ocrx_word' id='word_1_66' title='bbox 975 1007 1087 1072; x_wconf 92' lang='lat' dir='ltr'>fusrus.</span> <span class='ocrx_word' id='word_1_67' title='bbox 1105 1009 1252 1075; x_wconf 86' lang='lat' dir='ltr'>Necesse</span> <span class='ocrx_word' id='word_1_68' title='bbox 1277 1021 1379 1094; x_wconf 86' lang='lat' dir='ltr'>rgrtur</span> <span class='ocrx_word' id='word_1_69' title='bbox 1403 1034 1496 1096; x_wconf 91' lang='lat' dir='ltr'>pror·</span> 
     </span>
     <span class='ocr_line' id='line_1_9' title="bbox 387 1111 1495 1200; baseline 0.002 -19"><span class='ocrx_word' id='word_1_70' title='bbox 387 1136 444 1181; x_wconf 90' lang='lat' dir='ltr'>sus</span> <span class='ocrx_word' id='word_1_71' title='bbox 470 1123 523 1180; x_wconf 89' lang='lat' dir='ltr'>est</span> <span class='ocrx_word' id='word_1_72' title='bbox 551 1115 675 1197; x_wconf 79' lang='lat' dir='ltr'>scrIpta</span> <span class='ocrx_word' id='word_1_73' title='bbox 704 1111 837 1195; x_wconf 89' lang='lat' dir='ltr'>scriptis</span> <span class='ocrx_word' id='word_1_74' title='bbox 867 1130 1030 1176; x_wconf 88' lang='lat' dir='ltr'>concursu</span> <span class='ocrx_word' id='word_1_75' title='bbox 1062 1131 1128 1177; x_wconf 93' lang='lat' dir='ltr'>non</span> <span class='ocrx_word' id='word_1_76' title='bbox 1160 1114 1281 1198; x_wconf 90' lang='lat' dir='ltr'>impari</span> <span class='ocrx_word' id='word_1_77' title='bbox 1314 1137 1495 1200; x_wconf 88' lang='lat' dir='ltr'>opponere,</span> 
     </span>
     <span class='ocr_line' id='line_1_10' title="bbox 388 1215 1495 1302; baseline 0.002 -16"><span class='ocrx_word' id='word_1_78' title='bbox 388 1230 489 1302; x_wconf 88' lang='lat' dir='ltr'>atque</span> <span class='ocrx_word' id='word_1_79' title='bbox 513 1219 561 1283; x_wconf 88' lang='lat' dir='ltr'>ita</span> <span class='ocrx_word' id='word_1_80' title='bbox 587 1237 685 1302; x_wconf 90' lang='lat' dir='ltr'>posse</span> <span class='ocrx_word' id='word_1_81' title='bbox 712 1236 827 1280; x_wconf 89' lang='lat' dir='ltr'>eorum</span> <span class='ocrx_word' id='word_1_82' title='bbox 852 1215 919 1280; x_wconf 89' lang='lat' dir='ltr'>tela</span> <span class='ocrx_word' id='word_1_83' title='bbox 944 1217 1129 1295; x_wconf 89' lang='lat' dir='ltr'>retundere,</span> <span class='ocrx_word' id='word_1_84' title='bbox 1145 1217 1279 1284; x_wconf 81' lang='lat' dir='ltr'>fraudes</span> <span class='ocrx_word' id='word_1_85' title='bbox 1306 1221 1412 1287; x_wconf 88' lang='lat' dir='ltr'>malas</span> <span class='ocrx_word' id='word_1_86' title='bbox 1437 1223 1495 1288; x_wconf 92' lang='lat' dir='ltr'>de-</span> 
     </span>
     <span class='ocr_line' id='line_1_11' title="bbox 387 1319 1495 1410; baseline 0.003 -22"><span class='ocrx_word' id='word_1_87' title='bbox 387 1336 509 1410; x_wconf 86' lang='lat' dir='ltr'>tegere,</span> <span class='ocrx_word' id='word_1_88' title='bbox 539 1341 667 1386; x_wconf 91' lang='lat' dir='ltr'>venena</span> <span class='ocrx_word' id='word_1_89' title='bbox 698 1339 845 1384; x_wconf 89' lang='lat' dir='ltr'>errorum</span> <span class='ocrx_word' id='word_1_90' title='bbox 875 1319 1060 1402; x_wconf 88' lang='lat' dir='ltr'>prohibere,</span> <span class='ocrx_word' id='word_1_91' title='bbox 1090 1321 1178 1387; x_wconf 87' lang='lat' dir='ltr'>iusta</span> <span class='ocrx_word' id='word_1_92' title='bbox 1209 1323 1318 1388; x_wconf 89' lang='lat' dir='ltr'>officia</span> <span class='ocrx_word' id='word_1_93' title='bbox 1353 1327 1495 1392; x_wconf 90' lang='lat' dir='ltr'>suadere</span> 
     </span>
     <span class='ocr_line' id='line_1_12' title="bbox 387 1422 1494 1510; baseline -0.003 -15"><span class='ocrx_word' id='word_1_94' title='bbox 387 1429 527 1494; x_wconf 87' lang='lat' dir='ltr'>virtutis.</span> <span class='ocrx_word' id='word_1_95' title='bbox 545 1424 760 1508; x_wconf 84' lang='lat' dir='ltr'>Quapropter</span> <span class='ocrx_word' id='word_1_96' title='bbox 774 1431 854 1505; x_wconf 88' lang='lat' dir='ltr'>apte</span> <span class='ocrx_word' id='word_1_97' title='bbox 869 1431 903 1487; x_wconf 89' lang='lat' dir='ltr'>et</span> <span class='ocrx_word' id='word_1_98' title='bbox 927 1422 1118 1490; x_wconf 89' lang='lat' dir='ltr'>salutariter</span> <span class='ocrx_word' id='word_1_99' title='bbox 1133 1423 1242 1504; x_wconf 88' lang='lat' dir='ltr'>fuerit,</span> <span class='ocrx_word' id='word_1_100' title='bbox 1257 1428 1284 1491; x_wconf 91' lang='lat' dir='ltr'>si</span> <span class='ocrx_word' id='word_1_101' title='bbox 1311 1447 1393 1492; x_wconf 92' lang='lat' dir='ltr'>suae</span> <span class='ocrx_word' id='word_1_102' title='bbox 1417 1448 1494 1510; x_wconf 92' lang='lat' dir='ltr'>pro·</span> 
     </span>
     <span class='ocr_line' id='line_1_13' title="bbox 243 1525 1492 1636; baseline -0.002 -40"><span class='ocrx_word' id='word_1_103' title='bbox 243 1591 269 1636; x_wconf 69' lang='lat' dir='ltr'><em>U</em></span> <span class='ocrx_word' id='word_1_104' title='bbox 389 1533 548 1618; x_wconf 86' lang='lat' dir='ltr'>priaeque</span> <span class='ocrx_word' id='word_1_105' title='bbox 562 1526 803 1611; x_wconf 85' lang='lat' dir='ltr'>ephemerides,</span> <span class='ocrx_word' id='word_1_106' title='bbox 816 1525 919 1589; x_wconf 87' lang='lat' dir='ltr'>veluti</span> <span class='ocrx_word' id='word_1_107' title='bbox 936 1546 997 1609; x_wconf 92' lang='lat' dir='ltr'>pro</span> <span class='ocrx_word' id='word_1_108' title='bbox 1012 1527 1078 1590; x_wconf 87' lang='lat' dir='ltr'>aris</span> <span class='ocrx_word' id='word_1_109' title='bbox 1101 1528 1252 1613; x_wconf 91' lang='lat' dir='ltr'>focisque</span> <span class='ocrx_word' id='word_1_110' title='bbox 1274 1549 1492 1614; x_wconf 85' lang='lat' dir='ltr'>propugnan-</span> 
     </span>
     <span class='ocr_line' id='line_1_14' title="bbox 208 1604 1493 1716; baseline 0.003 -22"><span class='ocrx_word' id='word_1_111' title='bbox 208 1664 253 1707; x_wconf 58' lang='grc' dir='ltr'>με</span> <span class='ocrx_word' id='word_1_112' title='bbox 267 1604 362 1710; x_wconf 55' lang='grc' dir='ltr'>Μῖιέῗᾶ</span> <span class='ocrx_word' id='word_1_113' title='bbox 388 1647 448 1716; x_wconf 86' lang='lat' dir='ltr'>tes,</span> <span class='ocrx_word' id='word_1_114' title='bbox 475 1633 655 1715; x_wconf 92' lang='lat' dir='ltr'>unicuique</span> <span class='ocrx_word' id='word_1_115' title='bbox 679 1629 746 1694; x_wconf 91' lang='lat' dir='ltr'>sint</span> <span class='ocrx_word' id='word_1_116' title='bbox 772 1628 910 1712; x_wconf 86' lang='lat' dir='ltr'>regioni,</span> <span class='ocrx_word' id='word_1_117' title='bbox 934 1649 976 1693; x_wconf 88' lang='lat' dir='ltr'>eo</span> <span class='ocrx_word' id='word_1_118' title='bbox 1000 1631 1103 1694; x_wconf 89' lang='lat' dir='ltr'>modo</span> <span class='ocrx_word' id='word_1_119' title='bbox 1128 1633 1311 1712; x_wconf 88' lang='lat' dir='ltr'>institutae,</span> <span class='ocrx_word' id='word_1_120' title='bbox 1337 1634 1493 1700; x_wconf 92' lang='lat' dir='ltr'>utnulla</span> 
     </span>
     <span class='ocr_line' id='line_1_15' title="bbox 208 1709 1493 1822; baseline -0.002 -18"><span class='ocrx_word' id='word_1_121' title='bbox 208 1709 363 1813; x_wconf 49' lang='lat' dir='ltr'>mimz}</span> <span class='ocrx_word' id='word_1_122' title='bbox 388 1741 422 1805; x_wconf 92' lang='lat' dir='ltr'>in</span> <span class='ocrx_word' id='word_1_123' title='bbox 444 1759 479 1804; x_wconf 91' lang='lat' dir='ltr'>re</span> <span class='ocrx_word' id='word_1_124' title='bbox 494 1759 514 1802; x_wconf 92' lang='lat' dir='ltr'>a</span> <span class='ocrx_word' id='word_1_125' title='bbox 530 1735 655 1802; x_wconf 91' lang='lat' dir='ltr'>iudicio</span> <span class='ocrx_word' id='word_1_126' title='bbox 670 1733 831 1816; x_wconf 88' lang='lat' dir='ltr'>Episcopi</span> <span class='ocrx_word' id='word_1_127' title='bbox 856 1732 1050 1812; x_wconf 83' lang='lat' dir='ltr'>abscedant,</span> <span class='ocrx_word' id='word_1_128' title='bbox 1073 1735 1133 1799; x_wconf 91' lang='lat' dir='ltr'>sed</span> <span class='ocrx_word' id='word_1_129' title='bbox 1160 1746 1252 1802; x_wconf 89' lang='lat' dir='ltr'>recte</span> <span class='ocrx_word' id='word_1_130' title='bbox 1275 1737 1493 1822; x_wconf 90' lang='lat' dir='ltr'>studioseque</span> 
     </span>
     <span class='ocr_line' id='line_1_16' title="bbox 222 1836 1493 1921; baseline -0.001 -15"><span class='ocrx_word' id='word_1_131' title='bbox 222 1841 288 1876; x_wconf 69' lang='lat'><em>⁰⁸²³·</em></span> <span class='ocrx_word' id='word_1_132' title='bbox 387 1861 464 1907; x_wconf 91' lang='lat' dir='ltr'>cum</span> <span class='ocrx_word' id='word_1_133' title='bbox 490 1840 561 1906; x_wconf 91' lang='lat' dir='ltr'>eius</span> <span class='ocrx_word' id='word_1_134' title='bbox 585 1837 787 1902; x_wconf 90' lang='lat' dir='ltr'>conveniant</span> <span class='ocrx_word' id='word_1_135' title='bbox 810 1836 989 1920; x_wconf 88' lang='lat' dir='ltr'>prudentia</span> <span class='ocrx_word' id='word_1_136' title='bbox 1013 1845 1049 1902; x_wconf 93' lang='lat' dir='ltr'>et</span> <span class='ocrx_word' id='word_1_137' title='bbox 1072 1838 1268 1921; x_wconf 88' lang='lat' dir='ltr'>voluntate;</span> <span class='ocrx_word' id='word_1_138' title='bbox 1283 1841 1412 1907; x_wconf 89' lang='lat' dir='ltr'>eisdem</span> <span class='ocrx_word' id='word_1_139' title='bbox 1435 1861 1493 1905; x_wconf 93' lang='lat' dir='ltr'>au-</span> 
     </span>
     <span class='ocr_line' id='line_1_17' title="bbox 386 1939 1494 2025; baseline -0.004 -13"><span class='ocrx_word' id='word_1_140' title='bbox 386 1954 513 2012; x_wconf 90' lang='lat' dir='ltr'>temet</span> <span class='ocrx_word' id='word_1_141' title='bbox 546 1943 654 2007; x_wconf 89' lang='lat' dir='ltr'>clerus</span> <span class='ocrx_word' id='word_1_142' title='bbox 685 1941 830 2024; x_wconf 91' lang='lat' dir='ltr'>benigne</span> <span class='ocrx_word' id='word_1_143' title='bbox 853 1939 963 2006; x_wconf 89' lang='lat' dir='ltr'>faveat</span> <span class='ocrx_word' id='word_1_144' title='bbox 993 1960 1140 2025; x_wconf 87' lang='lat' dir='ltr'>suaeque</span> <span class='ocrx_word' id='word_1_145' title='bbox 1170 1941 1288 2009; x_wconf 78' lang='lat' dir='ltr'>afi&#39;erat</span> <span class='ocrx_word' id='word_1_146' title='bbox 1317 1945 1494 2010; x_wconf 89' lang='lat' dir='ltr'>doctrinae</span> 
     </span>
     <span class='ocr_line' id='line_1_18' title="bbox 386 2044 1491 2133; baseline 0 -21"><span class='ocrx_word' id='word_1_147' title='bbox 386 2047 562 2133; x_wconf 91' lang='lat' dir='ltr'>praesidia,</span> <span class='ocrx_word' id='word_1_148' title='bbox 584 2055 619 2110; x_wconf 91' lang='lat' dir='ltr'>et</span> <span class='ocrx_word' id='word_1_149' title='bbox 642 2044 703 2108; x_wconf 93' lang='lat' dir='ltr'>viri</span> <span class='ocrx_word' id='word_1_150' title='bbox 730 2051 897 2127; x_wconf 90' lang='lat' dir='ltr'>quotquot</span> <span class='ocrx_word' id='word_1_151' title='bbox 920 2062 1038 2126; x_wconf 88' lang='lat' dir='ltr'>reapse</span> <span class='ocrx_word' id='word_1_152' title='bbox 1065 2055 1144 2110; x_wconf 90' lang='lat' dir='ltr'>sunt</span> <span class='ocrx_word' id='word_1_153' title='bbox 1168 2046 1326 2112; x_wconf 87' lang='lat' dir='ltr'>catholici</span> <span class='ocrx_word' id='word_1_154' title='bbox 1353 2067 1491 2113; x_wconf 89' lang='lat' dir='ltr'>omnem</span> 
     </span>
     <span class='ocr_line' id='line_1_19' title="bbox 386 2145 1492 2236; baseline 0 -20"><span class='ocrx_word' id='word_1_155' title='bbox 386 2151 528 2235; x_wconf 89' lang='lat' dir='ltr'>gratiam</span> <span class='ocrx_word' id='word_1_156' title='bbox 553 2147 746 2230; x_wconf 85' lang='lat' dir='ltr'>bonamque</span> <span class='ocrx_word' id='word_1_157' title='bbox 770 2165 831 2230; x_wconf 90' lang='lat' dir='ltr'>pro</span> <span class='ocrx_word' id='word_1_158' title='bbox 857 2145 982 2210; x_wconf 90' lang='lat' dir='ltr'>viribus</span> <span class='ocrx_word' id='word_1_159' title='bbox 1008 2156 1042 2212; x_wconf 90' lang='lat' dir='ltr'>et</span> <span class='ocrx_word' id='word_1_160' title='bbox 1058 2148 1218 2215; x_wconf 85' lang='lat' dir='ltr'>facultate</span> <span class='ocrx_word' id='word_1_161' title='bbox 1232 2171 1332 2234; x_wconf 90' lang='lat' dir='ltr'>opem</span> <span class='ocrx_word' id='word_1_162' title='bbox 1349 2151 1492 2236; x_wconf 89' lang='lat' dir='ltr'>largian-</span> 
     </span>
     <span class='ocr_line' id='line_1_20' title="bbox 249 2250 1490 2346; baseline 0.002 -26"><span class='ocrx_word' id='word_1_163' title='bbox 249 2286 362 2346; x_wconf 48' lang='grc' dir='ltr'>εφη,</span> <span class='ocrx_word' id='word_1_164' title='bbox 386 2264 448 2320; x_wconf 87' lang='lat' dir='ltr'>tur.</span> <span class='ocrx_word' id='word_1_165' title='bbox 472 2291 516 2306; x_wconf 89' lang='lat'>-</span> <span class='ocrx_word' id='word_1_166' title='bbox 541 2253 787 2338; x_wconf 91' lang='lat' dir='ltr'>Episcoporum</span> <span class='ocrx_word' id='word_1_167' title='bbox 812 2250 1029 2317; x_wconf 88' lang='lat' dir='ltr'>sollicitudini</span> <span class='ocrx_word' id='word_1_168' title='bbox 1053 2261 1088 2319; x_wconf 92' lang='lat' dir='ltr'>et</span> <span class='ocrx_word' id='word_1_169' title='bbox 1112 2253 1280 2338; x_wconf 85' lang='lat' dir='ltr'>suffragiis</span> <span class='ocrx_word' id='word_1_170' title='bbox 1305 2257 1372 2322; x_wconf 88' lang='lat' dir='ltr'>alia</span> <span class='ocrx_word' id='word_1_171' title='bbox 1396 2277 1490 2341; x_wconf 87' lang='lat' dir='ltr'>prae·</span> 
     </span>
     <span class='ocr_line' id='line_1_21' title="bbox 202 2347 1490 2466; baseline 0.002 -43"><span class='ocrx_word' id='word_1_172' title='bbox 202 2349 301 2466; x_wconf 49' lang='lat'>22:2¹?</span> <span class='ocrx_word' id='word_1_173' title='bbox 312 2347 364 2449; x_wconf 48' lang='grc' dir='ltr'>ηαξ</span> <span class='ocrx_word' id='word_1_174' title='bbox 386 2368 477 2424; x_wconf 90' lang='lat' dir='ltr'>terea</span> <span class='ocrx_word' id='word_1_175' title='bbox 499 2377 535 2423; x_wconf 92' lang='lat' dir='ltr'>se</span> <span class='ocrx_word' id='word_1_176' title='bbox 558 2357 619 2423; x_wconf 86' lang='lat' dir='ltr'>dat</span> <span class='ocrx_word' id='word_1_177' title='bbox 644 2355 806 2421; x_wconf 89' lang='lat' dir='ltr'>tuendam</span> <span class='ocrx_word' id='word_1_178' title='bbox 837 2354 978 2437; x_wconf 88' lang='lat' dir='ltr'>insignis</span> <span class='ocrx_word' id='word_1_179' title='bbox 1004 2375 1123 2421; x_wconf 88' lang='lat' dir='ltr'>caussa</span> <span class='ocrx_word' id='word_1_180' title='bbox 1144 2378 1247 2441; x_wconf 91' lang='lat' dir='ltr'>quam</span> <span class='ocrx_word' id='word_1_181' title='bbox 1279 2360 1375 2425; x_wconf 89' lang='lat' dir='ltr'>vobis</span> <span class='ocrx_word' id='word_1_182' title='bbox 1396 2362 1490 2426; x_wconf 89' lang='lat' dir='ltr'>cordi</span> 
     </span>
     <span class='ocr_line' id='line_1_22' title="bbox 210 2453 1482 2548; baseline 0.004 -24"><span class='ocrx_word' id='word_1_183' title='bbox 210 2469 310 2509; x_wconf 67' lang='lat' dir='ltr'>mntem</span> <span class='ocrx_word' id='word_1_184' title='bbox 386 2483 459 2528; x_wconf 89' lang='lat' dir='ltr'>esse</span> <span class='ocrx_word' id='word_1_185' title='bbox 482 2453 711 2528; x_wconf 67' lang='lat' dir='ltr'>intelleximus</span> <span class='ocrx_word' id='word_1_186' title='bbox 735 2479 780 2524; x_wconf 87' lang='lat' dir='ltr'>ex</span> <span class='ocrx_word' id='word_1_187' title='bbox 804 2457 922 2523; x_wconf 92' lang='lat' dir='ltr'>litteris</span> <span class='ocrx_word' id='word_1_188' title='bbox 938 2477 1022 2542; x_wconf 87' lang='lat' dir='ltr'>quas</span> <span class='ocrx_word' id='word_1_189' title='bbox 1047 2460 1090 2524; x_wconf 91' lang='lat' dir='ltr'>ad</span> <span class='ocrx_word' id='word_1_190' title='bbox 1106 2458 1230 2542; x_wconf 89' lang='lat' dir='ltr'>fideles,</span> <span class='ocrx_word' id='word_1_191' title='bbox 1246 2464 1367 2546; x_wconf 89' lang='lat' dir='ltr'>quibus</span> <span class='ocrx_word' id='word_1_192' title='bbox 1389 2483 1482 2548; x_wconf 88' lang='lat' dir='ltr'>prae·</span> 
     </span>
    </p>
   </div>
   <div class='ocr_carea' id='block_1_5' title="bbox 208 2523 1489 3583">
    <p class='ocr_par' dir='ltr' id='par_1_5' title="bbox 208 2523 1489 3583">
     <span class='ocr_line' id='line_1_23' title="bbox 208 2523 1484 2648; baseline 0.002 -21"><span class='ocrx_word' id='word_1_193' title='bbox 208 2523 359 2642; x_wconf 44' lang='lat' dir='ltr'>parmaen-</span> <span class='ocrx_word' id='word_1_194' title='bbox 384 2567 473 2645; x_wconf 89' lang='lat' dir='ltr'>estis,</span> <span class='ocrx_word' id='word_1_195' title='bbox 497 2562 721 2630; x_wconf 89' lang='lat' dir='ltr'>communiter</span> <span class='ocrx_word' id='word_1_196' title='bbox 748 2561 909 2626; x_wconf 90' lang='lat' dir='ltr'>dedistis:</span> <span class='ocrx_word' id='word_1_197' title='bbox 933 2579 973 2624; x_wconf 88' lang='lat' dir='ltr'>ea</span> <span class='ocrx_word' id='word_1_198' title='bbox 1002 2581 1120 2628; x_wconf 85' lang='lat' dir='ltr'>caussa</span> <span class='ocrx_word' id='word_1_199' title='bbox 1143 2573 1194 2628; x_wconf 91' lang='lat' dir='ltr'>est</span> <span class='ocrx_word' id='word_1_200' title='bbox 1216 2563 1385 2648; x_wconf 89' lang='lat' dir='ltr'>opificum,</span> <span class='ocrx_word' id='word_1_201' title='bbox 1410 2565 1484 2630; x_wconf 91' lang='lat' dir='ltr'>reli·</span> 
     </span>
     <span class='ocr_line' id='line_1_24' title="bbox 383 2663 1489 2752; baseline 0 -18"><span class='ocrx_word' id='word_1_202' title='bbox 383 2669 493 2752; x_wconf 89' lang='lat' dir='ltr'>gionis</span> <span class='ocrx_word' id='word_1_203' title='bbox 508 2666 636 2733; x_wconf 88' lang='lat' dir='ltr'>auxilio</span> <span class='ocrx_word' id='word_1_204' title='bbox 652 2664 801 2730; x_wconf 83' lang='lat' dir='ltr'>maxime</span> <span class='ocrx_word' id='word_1_205' title='bbox 816 2663 1049 2746; x_wconf 88' lang='lat' dir='ltr'>indigentium,</span> <span class='ocrx_word' id='word_1_206' title='bbox 1064 2674 1136 2730; x_wconf 92' lang='lat' dir='ltr'>tum</span> <span class='ocrx_word' id='word_1_207' title='bbox 1153 2667 1197 2731; x_wconf 91' lang='lat' dir='ltr'>ad</span> <span class='ocrx_word' id='word_1_208' title='bbox 1218 2668 1489 2751; x_wconf 82' lang='lat' dir='ltr'>perfunctionem</span> 
     </span>
     <span class='ocr_line' id='line_1_25' title="bbox 384 2765 1487 2857; baseline 0.001 -20"><span class='ocrx_word' id='word_1_209' title='bbox 384 2773 533 2839; x_wconf 89' lang='lat' dir='ltr'>laborem</span> <span class='ocrx_word' id='word_1_210' title='bbox 557 2771 745 2848; x_wconf 92' lang='lat' dir='ltr'>honestam,</span> <span class='ocrx_word' id='word_1_211' title='bbox 768 2779 841 2834; x_wconf 90' lang='lat' dir='ltr'>tum</span> <span class='ocrx_word' id='word_1_212' title='bbox 868 2768 912 2833; x_wconf 92' lang='lat' dir='ltr'>ad</span> <span class='ocrx_word' id='word_1_213' title='bbox 938 2765 1167 2837; x_wconf 86' lang='lat' dir='ltr'>levamentum</span> <span class='ocrx_word' id='word_1_214' title='bbox 1197 2771 1376 2838; x_wconf 89' lang='lat' dir='ltr'>dolorum:</span> <span class='ocrx_word' id='word_1_215' title='bbox 1400 2791 1487 2857; x_wconf 88' lang='lat' dir='ltr'>quae</span> 
     </span>
     <span class='ocr_line' id='line_1_26' title="bbox 384 2869 1485 2959; baseline 0.001 -16"><span class='ocrx_word' id='word_1_216' title='bbox 384 2896 501 2943; x_wconf 89' lang='lat' dir='ltr'>caussa</span> <span class='ocrx_word' id='word_1_217' title='bbox 524 2895 601 2940; x_wconf 90' lang='lat' dir='ltr'>curn</span> <span class='ocrx_word' id='word_1_218' title='bbox 625 2873 682 2938; x_wconf 92' lang='lat' dir='ltr'>illa</span> <span class='ocrx_word' id='word_1_219' title='bbox 706 2872 871 2948; x_wconf 90' lang='lat' dir='ltr'>cohaeret,</span> <span class='ocrx_word' id='word_1_220' title='bbox 892 2891 952 2955; x_wconf 90' lang='lat' dir='ltr'>per</span> <span class='ocrx_word' id='word_1_221' title='bbox 977 2869 1039 2937; x_wconf 89' lang='lat' dir='ltr'>hos</span> <span class='ocrx_word' id='word_1_222' title='bbox 1067 2873 1141 2940; x_wconf 89' lang='lat' dir='ltr'>dies</span> <span class='ocrx_word' id='word_1_223' title='bbox 1167 2875 1296 2959; x_wconf 83' lang='lat' dir='ltr'>agitata</span> <span class='ocrx_word' id='word_1_224' title='bbox 1311 2877 1485 2956; x_wconf 89' lang='lat' dir='ltr'>ferventer,</span> 
     </span>
     <span class='ocr_line' id='line_1_27' title="bbox 383 2976 1487 3066; baseline -0.004 -18"><span class='ocrx_word' id='word_1_225' title='bbox 383 3001 484 3066; x_wconf 92' lang='lat' dir='ltr'>quarn</span> <span class='ocrx_word' id='word_1_226' title='bbox 512 2977 668 3044; x_wconf 89' lang='lat' dir='ltr'>socialem</span> <span class='ocrx_word' id='word_1_227' title='bbox 694 2976 880 3053; x_wconf 84' lang='lat' dir='ltr'>nominant,</span> <span class='ocrx_word' id='word_1_228' title='bbox 894 2984 928 3041; x_wconf 89' lang='lat' dir='ltr'>et</span> <span class='ocrx_word' id='word_1_229' title='bbox 953 2995 1049 3059; x_wconf 89' lang='lat' dir='ltr'>quae,</span> <span class='ocrx_word' id='word_1_230' title='bbox 1065 2986 1195 3060; x_wconf 88' lang='lat' dir='ltr'>quanto</span> <span class='ocrx_word' id='word_1_231' title='bbox 1221 2977 1404 3045; x_wconf 89' lang='lat' dir='ltr'>maioribus</span> <span class='ocrx_word' id='word_1_232' title='bbox 1426 2980 1487 3044; x_wconf 89' lang='lat' dir='ltr'>im·</span> 
     </span>
     <span class='ocr_line' id='line_1_28' title="bbox 383 3079 1486 3169; baseline -0.002 -19"><span class='ocrx_word' id='word_1_233' title='bbox 383 3083 526 3169; x_wconf 89' lang='lat' dir='ltr'>plicatur</span> <span class='ocrx_word' id='word_1_234' title='bbox 539 3079 802 3159; x_wconf 89' lang='lat' dir='ltr'>difficultatibus,</span> <span class='ocrx_word' id='word_1_235' title='bbox 816 3087 913 3144; x_wconf 91' lang='lat' dir='ltr'>tanto</span> <span class='ocrx_word' id='word_1_236' title='bbox 928 3079 1136 3145; x_wconf 89' lang='lat' dir='ltr'>curationem</span> <span class='ocrx_word' id='word_1_237' title='bbox 1153 3082 1303 3164; x_wconf 90' lang='lat' dir='ltr'>postulat</span> <span class='ocrx_word' id='word_1_238' title='bbox 1329 3103 1486 3167; x_wconf 90' lang='lat' dir='ltr'>praesen-</span> 
     </span>
     <span class='ocr_line' id='line_1_29' title="bbox 382 3180 1486 3268; baseline -0.001 -17"><span class='ocrx_word' id='word_1_239' title='bbox 382 3187 510 3251; x_wconf 87' lang='lat' dir='ltr'>tiorem.</span> <span class='ocrx_word' id='word_1_240' title='bbox 536 3183 614 3248; x_wconf 92' lang='lat' dir='ltr'>Huc</span> <span class='ocrx_word' id='word_1_241' title='bbox 648 3181 781 3266; x_wconf 89' lang='lat' dir='ltr'>pariter,</span> <span class='ocrx_word' id='word_1_242' title='bbox 803 3181 914 3266; x_wconf 92' lang='lat' dir='ltr'>quoad</span> <span class='ocrx_word' id='word_1_243' title='bbox 937 3180 971 3244; x_wconf 94' lang='lat' dir='ltr'>in</span> <span class='ocrx_word' id='word_1_244' title='bbox 1005 3181 1086 3264; x_wconf 90' lang='lat' dir='ltr'>ipsis</span> <span class='ocrx_word' id='word_1_245' title='bbox 1109 3184 1181 3261; x_wconf 91' lang='lat' dir='ltr'>erit,</span> <span class='ocrx_word' id='word_1_246' title='bbox 1206 3183 1233 3247; x_wconf 94' lang='lat' dir='ltr'>si</span> <span class='ocrx_word' id='word_1_247' title='bbox 1264 3185 1486 3268; x_wconf 84' lang='lat' dir='ltr'>cogitationes</span> 
     </span>
     <span class='ocr_line' id='line_1_30' title="bbox 382 3285 1488 3374; baseline 0 -20"><span class='ocrx_word' id='word_1_248' title='bbox 382 3287 542 3374; x_wconf 89' lang='lat' dir='ltr'>Episcopi</span> <span class='ocrx_word' id='word_1_249' title='bbox 568 3305 730 3369; x_wconf 89' lang='lat' dir='ltr'>curasque</span> <span class='ocrx_word' id='word_1_250' title='bbox 753 3285 965 3362; x_wconf 88' lang='lat' dir='ltr'>contulerint,</span> <span class='ocrx_word' id='word_1_251' title='bbox 989 3285 1017 3348; x_wconf 92' lang='lat' dir='ltr'>si</span> <span class='ocrx_word' id='word_1_252' title='bbox 1047 3288 1284 3370; x_wconf 87' lang='lat' dir='ltr'>prospexerint</span> <span class='ocrx_word' id='word_1_253' title='bbox 1318 3297 1355 3354; x_wconf 90' lang='lat' dir='ltr'>ut</span> <span class='ocrx_word' id='word_1_254' title='bbox 1385 3310 1488 3356; x_wconf 90' lang='lat' dir='ltr'>evan-</span> 
     </span>
     <span class='ocr_line' id='line_1_31' title="bbox 382 3387 1484 3475; baseline 0.002 -19"><span class='ocrx_word' id='word_1_255' title='bbox 382 3391 489 3475; x_wconf 88' lang='lat' dir='ltr'>gelica</span> <span class='ocrx_word' id='word_1_256' title='bbox 514 3388 661 3454; x_wconf 86' lang='lat' dir='ltr'>iustitiae</span> <span class='ocrx_word' id='word_1_257' title='bbox 690 3387 906 3472; x_wconf 90' lang='lat' dir='ltr'>caritatisque</span> <span class='ocrx_word' id='word_1_258' title='bbox 936 3398 1115 3472; x_wconf 88' lang='lat' dir='ltr'>praecepta</span> <span class='ocrx_word' id='word_1_259' title='bbox 1146 3391 1181 3454; x_wconf 93' lang='lat' dir='ltr'>in</span> <span class='ocrx_word' id='word_1_260' title='bbox 1212 3410 1331 3456; x_wconf 90' lang='lat' dir='ltr'>omnes</span> <span class='ocrx_word' id='word_1_261' title='bbox 1362 3393 1484 3459; x_wconf 90' lang='lat' dir='ltr'>civium</span> 
     </span>
     <span class='ocr_line' id='line_1_32' title="bbox 382 3491 1486 3583; baseline 0.004 -24"><span class='ocrx_word' id='word_1_262' title='bbox 382 3495 518 3560; x_wconf 91' lang='lat' dir='ltr'>ordines</span> <span class='ocrx_word' id='word_1_263' title='bbox 540 3491 682 3556; x_wconf 86' lang='lat' dir='ltr'>influant</span> <span class='ocrx_word' id='word_1_264' title='bbox 708 3492 842 3575; x_wconf 89' lang='lat' dir='ltr'>alteque</span> <span class='ocrx_word' id='word_1_265' title='bbox 857 3493 892 3556; x_wconf 89' lang='lat' dir='ltr'>in</span> <span class='ocrx_word' id='word_1_266' title='bbox 920 3493 1051 3557; x_wconf 89' lang='lat' dir='ltr'>animos</span> <span class='ocrx_word' id='word_1_267' title='bbox 1072 3493 1289 3575; x_wconf 89' lang='lat' dir='ltr'>descendant,</span> <span class='ocrx_word' id='word_1_268' title='bbox 1305 3495 1333 3560; x_wconf 93' lang='lat' dir='ltr'>si</span> <span class='ocrx_word' id='word_1_269' title='bbox 1349 3517 1486 3583; x_wconf 93' lang='lat' dir='ltr'>quoquo</span> 
     </span>
    </p>
   </div>
   <div class='ocr_carea' id='block_1_6' title="bbox 380 3594 1485 3782">
    <p class='ocr_par' dir='ltr' id='par_1_6' title="bbox 380 3594 1485 3782">
     <span class='ocr_line' id='line_1_33' title="bbox 380 3594 1485 3683; baseline 0.004 -21"><span class='ocrx_word' id='word_1_270' title='bbox 380 3606 491 3683; x_wconf 89' lang='lat' dir='ltr'>pacto,</span> <span class='ocrx_word' id='word_1_271' title='bbox 513 3594 712 3661; x_wconf 89' lang='lat' dir='ltr'>auctoritate</span> <span class='ocrx_word' id='word_1_272' title='bbox 740 3603 775 3659; x_wconf 92' lang='lat' dir='ltr'>et</span> <span class='ocrx_word' id='word_1_273' title='bbox 804 3613 917 3680; x_wconf 89' lang='lat' dir='ltr'>opera,</span> <span class='ocrx_word' id='word_1_274' title='bbox 943 3594 1079 3662; x_wconf 89' lang='lat' dir='ltr'>infimae</span> <span class='ocrx_word' id='word_1_275' title='bbox 1108 3596 1266 3680; x_wconf 90' lang='lat' dir='ltr'>opificum</span> <span class='ocrx_word' id='word_1_276' title='bbox 1297 3601 1485 3668; x_wconf 91' lang='lat' dir='ltr'>conditioni</span> 
     </span>
     <span class='ocr_line' id='line_1_34' title="bbox 380 3695 1484 3782; baseline 0.002 -18"><span class='ocrx_word' id='word_1_277' title='bbox 380 3695 604 3774; x_wconf 88' lang='lat' dir='ltr'>subvenerint,</span> <span class='ocrx_word' id='word_1_278' title='bbox 626 3713 787 3778; x_wconf 90' lang='lat' dir='ltr'>perquam</span> <span class='ocrx_word' id='word_1_279' title='bbox 813 3695 942 3778; x_wconf 92' lang='lat' dir='ltr'>optime</span> <span class='ocrx_word' id='word_1_280' title='bbox 971 3695 1015 3760; x_wconf 93' lang='lat' dir='ltr'>de</span> <span class='ocrx_word' id='word_1_281' title='bbox 1044 3695 1205 3780; x_wconf 89' lang='lat' dir='ltr'>religione</span> <span class='ocrx_word' id='word_1_282' title='bbox 1234 3717 1342 3782; x_wconf 84' lang='lat' dir='ltr'>aeque</span> <span class='ocrx_word' id='word_1_283' title='bbox 1372 3719 1412 3764; x_wconf 89' lang='lat' dir='ltr'>ac</span> <span class='ocrx_word' id='word_1_284' title='bbox 1441 3702 1484 3766; x_wconf 86' lang='lat' dir='ltr'>de</span> 
     </span>
    </p>
   </div>
   <div class='ocr_carea' id='block_1_7' title="bbox 379 3799 1483 4398">
    <p class='ocr_par' dir='ltr' id='par_1_7' title="bbox 379 3799 760 3887">
     <span class='ocr_line' id='line_1_35' title="bbox 379 3799 760 3887; baseline -0.01 -19"><span class='ocrx_word' id='word_1_285' title='bbox 379 3801 521 3887; x_wconf 90' lang='lat' dir='ltr'>imperio</span> <span class='ocrx_word' id='word_1_286' title='bbox 536 3799 760 3865; x_wconf 87' lang='lat' dir='ltr'>merebuntur.</span> 
     </span>
    </p>

    <p class='ocr_par' dir='ltr' id='par_1_8' title="bbox 380 3901 1483 4398">
     <span class='ocr_line' id='line_1_36' title="bbox 425 3901 1483 3990; baseline 0.003 -19"><span class='ocrx_word' id='word_1_287' title='bbox 425 3906 521 3971; x_wconf 90' lang='lat' dir='ltr'>Haec</span> <span class='ocrx_word' id='word_1_288' title='bbox 547 3903 650 3987; x_wconf 86' lang='lat' dir='ltr'>igitur</span> <span class='ocrx_word' id='word_1_289' title='bbox 675 3910 708 3967; x_wconf 89' lang='lat' dir='ltr'>et</span> <span class='ocrx_word' id='word_1_290' title='bbox 735 3901 966 3967; x_wconf 87' lang='lat' dir='ltr'>huiuscemodi</span> <span class='ocrx_word' id='word_1_291' title='bbox 992 3903 1105 3987; x_wconf 90' lang='lat' dir='ltr'>capita</span> <span class='ocrx_word' id='word_1_292' title='bbox 1131 3925 1242 3970; x_wconf 91' lang='lat' dir='ltr'>rerum</span> <span class='ocrx_word' id='word_1_293' title='bbox 1269 3909 1423 3990; x_wconf 89' lang='lat' dir='ltr'>graviora</span> <span class='ocrx_word' id='word_1_294' title='bbox 1448 3910 1483 3974; x_wconf 91' lang='lat' dir='ltr'>in</span> 
     </span>
     <span class='ocr_line' id='line_1_37' title="bbox 380 4004 1483 4096; baseline 0 -18"><span class='ocrx_word' id='word_1_295' title='bbox 380 4007 655 4078; x_wconf 85' lang='lat' dir='ltr'>deliberationem</span> <span class='ocrx_word' id='word_1_296' title='bbox 670 4004 806 4070; x_wconf 84' lang='lat' dir='ltr'>veniant</span> <span class='ocrx_word' id='word_1_297' title='bbox 830 4024 889 4089; x_wconf 89' lang='lat' dir='ltr'>per</span> <span class='ocrx_word' id='word_1_298' title='bbox 903 4025 1033 4070; x_wconf 88' lang='lat' dir='ltr'>annuos</span> <span class='ocrx_word' id='word_1_299' title='bbox 1051 4007 1298 4093; x_wconf 89' lang='lat' dir='ltr'>Episcoporum</span> <span class='ocrx_word' id='word_1_300' title='bbox 1324 4032 1483 4096; x_wconf 85' lang='lat' dir='ltr'>congres-</span> 
     </span>
     <span class='ocr_line' id='line_1_38' title="bbox 380 4106 1480 4196; baseline -0.001 -17"><span class='ocrx_word' id='word_1_301' title='bbox 380 4132 445 4192; x_wconf 90' lang='lat' dir='ltr'>sus,</span> <span class='ocrx_word' id='word_1_302' title='bbox 471 4131 556 4196; x_wconf 92' lang='lat' dir='ltr'>quos</span> <span class='ocrx_word' id='word_1_303' title='bbox 582 4108 694 4194; x_wconf 89' lang='lat' dir='ltr'>placet</span> <span class='ocrx_word' id='word_1_304' title='bbox 723 4107 887 4172; x_wconf 90' lang='lat' dir='ltr'>inducere.</span> <span class='ocrx_word' id='word_1_305' title='bbox 913 4106 1022 4173; x_wconf 89' lang='lat' dir='ltr'>Nobis</span> <span class='ocrx_word' id='word_1_306' title='bbox 1047 4119 1161 4176; x_wconf 89' lang='lat' dir='ltr'>autem</span> <span class='ocrx_word' id='word_1_307' title='bbox 1189 4113 1480 4196; x_wconf 85' lang='lat' dir='ltr'>persuasissimum</span> 
     </span>
     <span class='ocr_line' id='line_1_39' title="bbox 381 4211 1480 4300; baseline 0.002 -20"><span class='ocrx_word' id='word_1_308' title='bbox 381 4224 441 4294; x_wconf 91' lang='lat' dir='ltr'>est,</span> <span class='ocrx_word' id='word_1_309' title='bbox 464 4232 581 4279; x_wconf 90' lang='lat' dir='ltr'>omnes</span> <span class='ocrx_word' id='word_1_310' title='bbox 605 4211 638 4275; x_wconf 89' lang='lat' dir='ltr'>in</span> <span class='ocrx_word' id='word_1_311' title='bbox 655 4211 794 4276; x_wconf 87' lang='lat' dir='ltr'>Austria</span> <span class='ocrx_word' id='word_1_312' title='bbox 819 4211 1006 4296; x_wconf 90' lang='lat' dir='ltr'>Episcopos</span> <span class='ocrx_word' id='word_1_313' title='bbox 1031 4212 1083 4276; x_wconf 91' lang='lat' dir='ltr'>his</span> <span class='ocrx_word' id='word_1_314' title='bbox 1111 4213 1244 4281; x_wconf 88' lang='lat' dir='ltr'>Nostris</span> <span class='ocrx_word' id='word_1_315' title='bbox 1269 4217 1367 4296; x_wconf 90' lang='lat' dir='ltr'>votis,</span> <span class='ocrx_word' id='word_1_316' title='bbox 1390 4237 1480 4300; x_wconf 91' lang='lat' dir='ltr'>quae</span> 
     </span>
     <span class='ocr_line' id='line_1_40' title="bbox 382 4313 1482 4398; baseline 0.001 -12"><span class='ocrx_word' id='word_1_317' title='bbox 382 4327 535 4386; x_wconf 90' lang='lat' dir='ltr'>sanctum</span> <span class='ocrx_word' id='word_1_318' title='bbox 552 4326 665 4382; x_wconf 86' lang='lat' dir='ltr'>movet</span> <span class='ocrx_word' id='word_1_319' title='bbox 680 4313 847 4398; x_wconf 85' lang='lat' dir='ltr'>religionis</span> <span class='ocrx_word' id='word_1_320' title='bbox 862 4317 1011 4381; x_wconf 90' lang='lat' dir='ltr'>studium</span> <span class='ocrx_word' id='word_1_321' title='bbox 1038 4326 1072 4382; x_wconf 89' lang='lat' dir='ltr'>et</span> <span class='ocrx_word' id='word_1_322' title='bbox 1094 4318 1216 4385; x_wconf 89' lang='lat' dir='ltr'>caritas</span> <span class='ocrx_word' id='word_1_323' title='bbox 1242 4317 1274 4383; x_wconf 92' lang='lat' dir='ltr'>in</span> <span class='ocrx_word' id='word_1_324' title='bbox 1300 4321 1482 4387; x_wconf 90' lang='lat' dir='ltr'>catholicas</span> 
     </span>
    </p>
   </div>
   <div class='ocr_carea' id='block_1_8' title="bbox 0 0 1682 4937">
    <p class='ocr_par' dir='ltr' id='par_1_9' title="bbox 0 0 1682 4937">
     <span class='ocr_line' id='line_1_41' title="bbox 0 0 1682 4937; baseline 0 0"><span class='ocrx_word' id='word_1_325' title='bbox 0 0 1682 4937; x_wconf 95' lang='lat' dir='ltr'> </span> 
     </span>
    </p>
   </div>
  </div>
 </body>
</html>
