3354 4938
265 1031 295 1080 15
383 990 419 1136 ξ
578 990 645 1058 ΟΝ
662 989 769 1053 maius
786 989 893 1054 Nobis
911 1009 1018 1072 neque
1033 991 1214 1074 optabilius
1234 961 1393 1060 solatium
1417 1018 1492 1064 esse

234 1077 329 1187 sffl
381 986 572 1361 ἰὶΝῗ-ἰέ
598 1103 710 1176 potest
736 1095 770 1157 in
798 1092 861 1158 hoc
888 1093 1081 1158 turbulento
1105 1106 1138 1159 et
1153 1115 1355 1163 aerumnoso
1377 1121 1491 1166 rerum

263 1237 358 1285 Gaude,
596 1197 818 1261 humanarum
835 1216 942 1276 cursu,
956 1217 1054 1280 quam
1068 1208 1104 1262 ut
1117 1199 1302 1265 catholicae
1318 1202 1492 1288 religionis

203 1296 356 1404 misae&
596 1302 709 1368 lumen
726 1301 815 1383 apud
831 1301 967 1364 dissitos
983 1301 1126 1383 populos
1149 1303 1352 1387 ignarosque
1366 1309 1491 1373 verita·

199 1415 259 1473 fidei
308 1417 356 1464 sibi
380 1409 424 1474 tis
440 1409 507 1473 late
523 1406 712 1492 propagari,
726 1406 833 1489 iisque
858 1425 934 1470 cum
960 1405 1083 1471 Christi
1105 1408 1259 1472 doctrina
1273 1419 1309 1474 et
1324 1410 1490 1491 libertate,

379 1533 492 1578 veram
508 1512 763 1596 prosperitatem
780 1520 814 1574 et
838 1511 981 1574 salutem
1006 1508 1145 1576 feliciter
1171 1510 1280 1577 afferri
1304 1515 1489 1582 videamus.

382 1617 421 1680 ln
452 1617 516 1680 hoc
546 1615 716 1699 praecipui
747 1615 910 1678 momenti
936 1633 1023 1697 opus
1047 1615 1274 1697 gratissimum
1300 1627 1351 1682 est
1378 1619 1491 1686 Nobis

378 1741 475 1788 curas
501 1739 618 1784 omnes
646 1728 679 1783 et
703 1718 815 1782 studia
845 1715 1004 1795 conferre,
1027 1719 1187 1801 omnique
1211 1741 1276 1803 ope
1306 1722 1423 1801 adniti,
1451 1735 1491 1790 ut

379 1833 512 1909 praesto
544 1825 612 1888 sint
645 1821 801 1886 omnibus
830 1821 988 1905 gentibus
1018 1822 1061 1887 ad
1092 1823 1292 1888 catholicam
1324 1825 1488 1908 pietatem

203 1477 338 1522 commissae

378 1929 555 2012 praesidia,
570 1929 614 1993 ad
626 1925 827 1992 christianae
841 1927 929 1990 vitae
945 1923 1156 2008 disciplinam
1173 1927 1365 2007 ministeria,
1379 1950 1489 2014 eaque

377 2044 467 2098 recte
493 2033 677 2097 constituta
700 2049 796 2095 suam
824 2031 890 2094 vim
918 2039 952 2094 et
979 2029 1136 2095 virtutem
1160 2042 1372 2115 expromant,
1395 2036 1487 2100 unde

378 2135 459 2201 illud
476 2135 551 2200 Nos
567 2135 699 2219 assequi
714 2135 910 2217 gaudemus,
933 2141 970 2197 ut
996 2133 1129 2197 divinae
1151 2136 1334 2200 serviamus
1350 2137 1491 2222 gloriae,

378 2261 415 2306 ac
446 2260 508 2324 pro
536 2259 673 2304 munere
704 2238 830 2302 Nostro
860 2236 1031 2300 adiutores
1060 2236 1194 2301 divinae
1223 2258 1302 2322 erga
1332 2239 1492 2306 homiues

376 2345 539 2410 bonitatis
555 2345 668 2408 simus.

199 2448 351 2571 {pamm
423 2447 501 2512 Hoc
516 2446 631 2511 animo
651 2443 838 2528 comparati
854 2463 979 2527 magno
993 2463 1074 2508 sane
1089 2465 1165 2509 cum
1181 2446 1307 2528 gaudio
1321 2447 1485 2529 conspici·

304 2547 310 2560 '
376 2570 450 2616 mus
466 2551 500 2614 in
518 2548 680 2632 Iaponico
706 2548 854 2631 Imperio
868 2547 1049 2611 christiana
1074 2548 1227 2612 instituta
1253 2560 1288 2614 et
1303 2569 1396 2613 sacra
1415 2549 1484 2614 hoc

374 2665 525 2738 tempore
554 2653 660 2718 divini
698 2653 857 2718 Numinis
886 2671 951 2736 ope
988 2653 1191 2731 reviviscere,
1220 2663 1321 2738 atque
1352 2655 1384 2719 in
1416 2655 1482 2721 hac

373 2769 528 2824 extrema
554 2766 588 2822 et
615 2756 734 2821 illustri
760 2755 897 2821 orientis
923 2755 1002 2820 solis
1029 2759 1166 2840 regione
1192 2758 1334 2822 liberum
1364 2770 1484 2842 patere

374 2882 531 2946 campum
554 2859 766 2944 evangelicae
788 2860 937 2924 veritatis
953 2863 1172 2943 praeconibus
1188 2865 1231 2928 ad
1250 2861 1349 2927 fidem
1365 2863 1482 2928 catho-

373 2969 472 3034 licam
505 2966 681 3032 serendam
709 2974 743 3028 et
773 2965 1035 3048 propagandam,
1065 2985 1167 3048 quam
1199 2965 1389 3049 Apostolici
1418 2967 1481 3031 viri

373 3069 507 3135 saeculo
527 3071 574 3148 16,
590 3070 633 3133 ad
649 3067 764 3133 omnia
779 3055 972 3132 discrimina
992 3069 1162 3152 impavidi,
1178 3070 1210 3132 in
1227 3088 1285 3134 eas
1300 3089 1375 3133 oras
1391 3069 1481 3134 intu-

373 3175 448 3252 lere,
463 3173 598 3256 suisque
613 3170 790 3236 sudoribus
806 3181 840 3236 et
855 3171 1017 3253 sanguine
1033 3173 1220 3256 irrigarunt.

195 3289 348 3361 Recolunfur
418 3279 497 3361 Quo
514 3279 604 3344 enim
618 3289 769 3361 tempore
784 3277 1002 3343 schismatum
1019 3289 1053 3344 et
1068 3278 1243 3344 haeresum
1260 3279 1352 3344 labes
1368 3281 1482 3363 plures

185 3348 346 3478 lllnvtlnlll.
374 3386 530 3466 Europae
557 3383 655 3447 urbes
670 3381 840 3461 infecerat,
853 3382 978 3446 strenui
1000 3381 1187 3448 catholicae
1210 3384 1358 3448 veritatis
1381 3385 1482 3450 ruini·

192 3467 346 3588 {2222ss
375 3487 434 3552 stri
450 3485 587 3571 ignotas
599 3496 632 3551 et
648 3485 877 3569 inexploratas
893 3497 1005 3568 terras,
1020 3508 1104 3570 quas
1120 3488 1220 3568 paulo
1235 3499 1315 3554 ante
1328 3490 1431 3554 versis
1444 3489 1480 3553 in

372 3591 478 3659 altum
506 3587 612 3676 proris
643 3589 745 3655 sortes
775 3601 808 3655 et
838 3592 1051 3674 experientes
1082 3592 1215 3658 navitae
1242 3591 1481 3675 patefecerant,

370 3696 464 3762 adire
489 3713 556 3759 non
586 3695 784 3759 dubitarunt
808 3713 874 3759 non
892 3694 983 3759 aliud
1009 3716 1131 3779 operae
1155 3696 1299 3779 pretium
1316 3705 1480 3778 petentes,

372 3819 474 3884 quam
491 3807 529 3862 ut
545 3797 668 3865 Christi
685 3796 820 3861 nomine
835 3798 958 3876 adlato,
973 3800 1016 3862 ad
1040 3801 1149 3882 ipsum
1172 3800 1206 3862 in
1231 3818 1299 3881 quo
1326 3807 1377 3862 est
1400 3799 1481 3879 vita,

370 3899 461 3964 salus
485 3908 519 3963 et
546 3899 742 3963 resurrectio
757 3896 892 3976 Nostra,
907 3898 1035 3962 nescias
1059 3907 1188 3963 mentes
1213 3909 1247 3964 et
1262 3899 1361 3964 devia
1376 3901 1480 3964 corda

372 4010 611 4067 converterent.
629 4001 734 4066 Hisce
749 4000 898 4066 veritatis
913 4001 1040 4066 nuntiis
1055 4001 1183 4066 faustus
1198 4001 1309 4065 aditus
1325 4001 1358 4064 in
1376 3999 1480 4084 lapo-

370 4104 480 4170 nicam
500 4105 670 4189 regionem
687 4106 797 4189 patuit
820 4125 911 4170 anno
926 4124 1026 4187 supra
1042 4104 1369 4186 sesquimillesimum
1396 4124 1480 4186 qua·

370 4207 559 4292 dragesimo
582 4209 739 4286 secundo,
754 4227 830 4272 cum
855 4207 1017 4286 Lusitani,
1034 4227 1175 4290 quorum
1198 4208 1317 4290 ingens
1343 4206 1480 4272 animus

370 4321 405 4376 et
427 4320 600 4394 praestans
617 4312 720 4376 virtus
744 4311 777 4374 in
805 4311 980 4376 maritimis
1001 4311 1274 4394 expeditionibus
1290 4313 1409 4378 merita
1431 4313 1477 4376 ad
