3364 4928
230 291 281 342 DE
300 291 470 342 RATIONE
488 289 758 344 SCRIPTORIBUS
774 293 965 344 EPHEMER.
986 293 1198 345 SERvnNDA.
1236 295 1281 366 41

176 467 349 550 religionis
364 467 504 532 obtentu
522 467 672 551 privatae
699 467 887 532 simultates
913 479 1142 546 exerceantur,
1158 469 1287 554 ingenti
1375 483 1404 531 15

1337 529 1439 573 MART.
1532 573 1533 576 ,

176 591 255 637 cum
272 572 400 636 iactura
415 571 519 654 ipsius
535 570 705 655 religionis
732 582 764 637 et
790 573 938 637 caritatis
940 593 1064 656 ,quam
1081 574 1234 656 impense
1253 583 1287 638 et
1356 582 1422 640 189⁰

176 685 374 742 constanter
396 678 683 755 commendamus,
700 686 737 742 ut
761 697 878 742 omnes
905 677 938 742 in
956 677 1106 743 Domino
1128 677 1218 742 idem
1235 697 1287 741 sa·

177 781 275 864 plant
290 800 330 845 ac
346 781 459 844 velint

224 883 334 961 Nosti,
349 884 471 948 dilecte
487 883 532 949 fili
535 893 748 968 ,opportune
763 885 874 967 parari
899 885 941 949 ad
959 893 1087 949 arctam
1103 885 1190 950 hanc
1204 905 1286 949 con·
1310 953 1361 1000 sm·
1356 895 1464 1015 mr

178 995 384 1059 iunctionem
402 993 581 1076 fovendam
597 996 679 1078 (qua
696 994 777 1060 nihil
803 996 911 1060 Nobis
936 1004 986 1061 est
1011 997 1182 1080 antiquius
1205 995 1286 1061 nihil
1312 1018 1462 1060 ιιιιιιιιιιιι

1310 1073 1463 1120 deroactrr-
1555 1093 1559 1102 ι

177 1101 313 1164 enixius
328 1101 558 1183 expetendum
571 1110 641 1166 tarn
655 1102 841 1165 necessario
852 1121 898 1164 rer
889 1099 1110 1165 christianae
1120 1101 1284 1185 tempore)
1311 1132 1354 1178 ιω
1362 1146 1463 1178 conver·

177 1205 468 1270 catholicorum
436 1225 582 1270 virorum
596 1204 760 1269 indictum
774 1203 1061 1288 Caesaraugustae
1073 1213 1285 1270 conventum.
1311 1193 1463 1322 ama*

178 1305 294 1391 Quare
323 1308 413 1372 haud
441 1307 644 1391 ambigimus
679 1308 761 1391 quin
797 1307 985 1392 ephemeris
1015 1317 1074 1373 tua
1104 1309 1284 1391 plurimum
1307 1309 1452 1421 {mim

177 1434 302 1496 operae
317 1413 481 1477 collatura
495 1414 540 1478 sit
555 1433 623 1496 quo
640 1413 748 1496 magis
761 1413 890 1478 excitet
915 1411 1085 1478 studiosos
1109 1413 1160 1477 sui
1176 1433 1215 1476 ac
1240 1412 1327 1478 le-a
1311 1442 1442 1488 ιιιιιιιιι
1426 1430 1462 1474 ιι

177 1525 289 1580 ctores
304 1537 432 1595 omnes,
447 1526 485 1581 ut
509 1536 720 1601 quacumque
745 1517 857 1582 valent
883 1516 1011 1580 ratione
1038 1525 1072 1580 et
1086 1536 1151 1599 ope
1167 1517 1286 1582 studiis
1311 1493 1463 1594 ffm'ssmssm

177 1619 411 1685 obsecundent
427 1641 596 1686 sacrorum
613 1619 828 1697 Antistitum,
839 1620 896 1702 qui
912 1619 988 1682 huic
998 1622 1179 1686 conventui
1191 1641 1287 1705 prae·
1311 1613 1365 1666 ‘W
1364 1611 1398 1652 “l

180 1733 290 1801 erunt,
305 1744 373 1806 quo
389 1725 521 1808 plenius
536 1733 673 1808 optatos
688 1723 813 1788 habeat
829 1723 951 1787 exitus.

224 1827 301 1890 Hac
316 1826 391 1892 ireti
407 1827 530 1892 fiducia
546 1827 618 1906 tibi,
632 1828 754 1892 dilecte
781 1825 837 1903 fili,
852 1825 986 1909 tuisque
1009 1827 1118 1905 sociis,
1133 1848 1195 1892 nec
1219 1847 1286 1892 non

178 1931 220 1994 iis
235 1933 294 2014 qui
322 1931 545 2014 ephemeridis
569 1941 647 1998 tuae
674 1931 814 1997 editioni
841 1930 1067 2014 subscripsere
1090 1940 1125 1995 et
1152 1931 1287 2016 reliquis

178 2034 331 2100 eiusdem
349 2034 528 2101 lectoribus
543 2036 778 2121 Apostolicam
790 2034 1058 2099 benedictionem
1075 2046 1288 2118 peramanter

178 2137 402 2220 impertimus.

225 2269 354 2335 Datum
378 2269 510 2335 Romae
533 2271 622 2354 apud
656 2269 691 2337 S.
722 2271 857 2335 Petrum
888 2268 943 2332 die
977 2281 1013 2348 15
1044 2253 1157 2332 Martii
1196 2269 1287 2353 1890,

181 2373 400 2438 Pontificatus
417 2375 533 2440 Nostri
549 2394 639 2439 anno
654 2374 787 2438 decimo
803 2371 910 2438 tertio

907 2561 1002 2627 LEO
1020 2562 1082 2626 ΡΡ.
1099 2561 1200 2626 x111.

598 3307 865 3511 apa
