<?xml version="1.0" encoding="UTF-8"?>
<!DOCTYPE html PUBLIC "-//W3C//DTD XHTML 1.0 Transitional//EN"
    "http://www.w3.org/TR/xhtml1/DTD/xhtml1-transitional.dtd">
<html xmlns="http://www.w3.org/1999/xhtml" xml:lang="en" lang="en">
 <head>
  <title>
</title>
<meta http-equiv="Content-Type" content="text/html;charset=utf-8" />
  <meta name='ocr-system' content='tesseract 3.04.00' />
  <meta name='ocr-capabilities' content='ocr_page ocr_carea ocr_par ocr_line ocrx_word'/>
</head>
<body>
  <div class='ocr_page' id='page_1' title='image "./sanctissimidomi02xiiigoog_0033.png"; bbox 0 0 3364 4928; ppageno 0'>
   <div class='ocr_carea' id='block_1_1' title="bbox 390 333 1424 416">
    <p class='ocr_par' dir='ltr' id='par_1_1' title="bbox 390 333 1424 416">
     <span class='ocr_line' id='line_1_1' title="bbox 390 333 1424 416; baseline 0 -20"><span class='ocrx_word' id='word_1_1' title='bbox 390 349 437 416; x_wconf 87' lang='grc'><strong>24</strong></span> <span class='ocrx_word' id='word_1_2' title='bbox 491 346 639 398; x_wconf 83' lang='lat' dir='ltr'><strong>LITTER.</strong></span> <span class='ocrx_word' id='word_1_3' title='bbox 661 345 818 398; x_wconf 81' lang='lat' dir='ltr'>ENCYCL.</span> <span class='ocrx_word' id='word_1_4' title='bbox 841 333 862 362; x_wconf 84' lang='lat'>“</span> <span class='ocrx_word' id='word_1_5' title='bbox 881 345 1107 397; x_wconf 80' lang='lat' dir='ltr'><strong>SAPIENTIAE</strong></span> <span class='ocrx_word' id='word_1_6' title='bbox 1124 345 1382 398; x_wconf 80' lang='lat' dir='ltr'>CHRISTIANAE</span> <span class='ocrx_word' id='word_1_7' title='bbox 1400 381 1424 408; x_wconf 89' lang='lat'><strong>„</strong></span> 
     </span>
    </p>
   </div>
   <div class='ocr_carea' id='block_1_2' title="bbox 892 457 1114 464">
    <p class='ocr_par' dir='ltr' id='par_1_2' title="bbox 892 457 1114 464">
     <span class='ocr_line' id='line_1_2' title="bbox 892 457 1114 464; baseline -0.005 0"><span class='ocrx_word' id='word_1_8' title='bbox 892 457 1114 464; x_wconf 48' lang='lat' dir='ltr'><strong>..w-*mq-</strong></span> 
     </span>
    </p>
   </div>
   <div class='ocr_carea' id='block_1_3' title="bbox 208 503 1490 805">
    <p class='ocr_par' dir='ltr' id='par_1_3' title="bbox 208 503 1490 805">
     <span class='ocr_line' id='line_1_3' title="bbox 226 503 1489 586; baseline 0.002 -18"><span class='ocrx_word' id='word_1_9' title='bbox 226 523 361 581; x_wconf 69' lang='lat' dir='ltr'><strong>rnpanan</strong></span> <span class='ocrx_word' id='word_1_10' title='bbox 387 514 480 569; x_wconf 90' lang='lat' dir='ltr'><strong>tuat:</strong></span> <span class='ocrx_word' id='word_1_11' title='bbox 496 513 620 568; x_wconf 92' lang='lat' dir='ltr'><strong>atvero</strong></span> <span class='ocrx_word' id='word_1_12' title='bbox 634 503 914 586; x_wconf 85' lang='lat' dir='ltr'>degenerantibus</span> <span class='ocrx_word' id='word_1_13' title='bbox 930 523 949 566; x_wconf 88' lang='lat' dir='ltr'><strong>a</strong></span> <span class='ocrx_word' id='word_1_14' title='bbox 966 503 1146 568; x_wconf 90' lang='lat' dir='ltr'><strong>christiana</strong></span> <span class='ocrx_word' id='word_1_15' title='bbox 1158 504 1279 568; x_wconf 92' lang='lat' dir='ltr'><strong>virtute</strong></span> <span class='ocrx_word' id='word_1_16' title='bbox 1295 505 1489 572; x_wconf 88' lang='lat' dir='ltr'><strong>nationibus</strong></span> 
     </span>
     <span class='ocr_line' id='line_1_4' title="bbox 208 583 1490 693; baseline -0.002 -17"><span class='ocrx_word' id='word_1_17' title='bbox 208 583 361 687; x_wconf 53' lang='lat' dir='ltr'><strong>mm</strong></span> <span class='ocrx_word' id='word_1_18' title='bbox 387 628 454 673; x_wconf 93' lang='lat' dir='ltr'><strong>non</strong></span> <span class='ocrx_word' id='word_1_19' title='bbox 467 609 586 673; x_wconf 90' lang='lat' dir='ltr'><strong>eadem</strong></span> <span class='ocrx_word' id='word_1_20' title='bbox 604 617 715 690; x_wconf 91' lang='lat' dir='ltr'><strong>potest</strong></span> <span class='ocrx_word' id='word_1_21' title='bbox 729 627 802 672; x_wconf 87' lang='lat' dir='ltr'><strong>esse</strong></span> <span class='ocrx_word' id='word_1_22' title='bbox 817 607 985 671; x_wconf 83' lang='lat' dir='ltr'>securitas.</span> <span class='ocrx_word' id='word_1_23' title='bbox 1001 606 1144 671; x_wconf 85' lang='lat' dir='ltr'><strong>Miseros</strong></span> <span class='ocrx_word' id='word_1_24' title='bbox 1155 609 1244 672; x_wconf 89' lang='lat' dir='ltr'><strong>enim</strong></span> <span class='ocrx_word' id='word_1_25' title='bbox 1252 608 1344 688; x_wconf 85' lang='lat' dir='ltr'><strong>facit</strong></span> <span class='ocrx_word' id='word_1_26' title='bbox 1356 610 1490 693; x_wconf 78' lang='lat' dir='ltr'><strong>populos</strong></span> 
     </span>
     <span class='ocr_line' id='line_1_5' title="bbox 209 701 1490 805; baseline -0.004 -22"><span class='ocrx_word' id='word_1_27' title='bbox 209 701 345 805; x_wconf 55' lang='lat' dir='ltr'><strong>{mzm</strong></span> <span class='ocrx_word' id='word_1_28' title='bbox 383 721 546 797; x_wconf 81' lang='lat' dir='ltr'><strong>peccatum</strong></span> <span class='ocrx_word' id='word_1_29' title='bbox 562 712 614 795; x_wconf 84' lang='lat'>(¹).</span> <span class='ocrx_word' id='word_1_30' title='bbox 628 711 788 776; x_wconf 89' lang='lat' dir='ltr'><strong>-Cuius</strong></span> <span class='ocrx_word' id='word_1_31' title='bbox 803 712 870 774; x_wconf 91' lang='lat' dir='ltr'><strong>vim</strong></span> <span class='ocrx_word' id='word_1_32' title='bbox 881 711 1123 794; x_wconf 84' lang='lat' dir='ltr'><strong>veritatemque</strong></span> <span class='ocrx_word' id='word_1_33' title='bbox 1134 712 1321 778; x_wconf 85' lang='lat' dir='ltr'><strong>sententiae</strong></span> <span class='ocrx_word' id='word_1_34' title='bbox 1336 714 1364 778; x_wconf 89' lang='lat' dir='ltr'><strong>si</strong></span> <span class='ocrx_word' id='word_1_35' title='bbox 1379 713 1490 778; x_wconf 89' lang='lat' dir='ltr'><strong>omnis</strong></span> 
     </span>
    </p>
   </div>
   <div class='ocr_carea' id='block_1_4' title="bbox 209 816 1491 1938">
    <p class='ocr_par' dir='ltr' id='par_1_4' title="bbox 209 816 1489 1108">
     <span class='ocr_line' id='line_1_6' title="bbox 209 816 1488 923; baseline 0 -41"><span class='ocrx_word' id='word_1_36' title='bbox 209 817 360 923; x_wconf 53' lang='lat' dir='ltr'><strong>ffimffj</strong></span> <span class='ocrx_word' id='word_1_37' title='bbox 384 827 474 884; x_wconf 88' lang='lat' dir='ltr'><strong>retro</strong></span> <span class='ocrx_word' id='word_1_38' title='bbox 488 827 630 899; x_wconf 89' lang='lat' dir='ltr'><strong>experta</strong></span> <span class='ocrx_word' id='word_1_39' title='bbox 645 826 696 880; x_wconf 90' lang='lat' dir='ltr'><strong>est</strong></span> <span class='ocrx_word' id='word_1_40' title='bbox 711 827 815 892; x_wconf 91' lang='lat' dir='ltr'><strong>aetas,</strong></span> <span class='ocrx_word' id='word_1_41' title='bbox 829 816 909 899; x_wconf 93' lang='lat' dir='ltr'><strong>quid</strong></span> <span class='ocrx_word' id='word_1_42' title='bbox 926 825 977 880; x_wconf 91' lang='lat' dir='ltr'><strong>est</strong></span> <span class='ocrx_word' id='word_1_43' title='bbox 989 836 1127 880; x_wconf 86' lang='lat' dir='ltr'><strong>caussae</strong></span> <span class='ocrx_word' id='word_1_44' title='bbox 1139 816 1357 900; x_wconf 86' lang='lat' dir='ltr'><strong>quamobrem</strong></span> <span class='ocrx_word' id='word_1_45' title='bbox 1374 827 1488 883; x_wconf 85' lang='lat' dir='ltr'><strong>nostra</strong></span> 
     </span>
     <span class='ocr_line' id='line_1_7' title="bbox 209 919 1489 1004; baseline 0.001 -20"><span class='ocrx_word' id='word_1_46' title='bbox 209 937 309 984; x_wconf 74' lang='lat' dir='ltr'><strong>minent.</strong></span> <span class='ocrx_word' id='word_1_47' title='bbox 385 943 452 990; x_wconf 90' lang='lat' dir='ltr'><strong>non</strong></span> <span class='ocrx_word' id='word_1_48' title='bbox 468 923 685 1004; x_wconf 81' lang='lat' dir='ltr'><strong>experiatur?</strong></span> <span class='ocrx_word' id='word_1_49' title='bbox 703 919 777 984; x_wconf 89' lang='lat' dir='ltr'><strong>lmo</strong></span> <span class='ocrx_word' id='word_1_50' title='bbox 792 919 924 984; x_wconf 86' lang='lat' dir='ltr'><strong>debitas</strong></span> <span class='ocrx_word' id='word_1_51' title='bbox 950 919 1017 984; x_wconf 89' lang='lat' dir='ltr'><strong>iarn</strong></span> <span class='ocrx_word' id='word_1_52' title='bbox 1033 919 1157 984; x_wconf 91' lang='lat' dir='ltr'><strong>instare</strong></span> <span class='ocrx_word' id='word_1_53' title='bbox 1172 940 1308 1003; x_wconf 90' lang='lat' dir='ltr'><strong>poenas,</strong></span> <span class='ocrx_word' id='word_1_54' title='bbox 1323 921 1489 1004; x_wconf 87' lang='lat' dir='ltr'><strong>permulta</strong></span> 
     </span>
     <span class='ocr_line' id='line_1_8' title="bbox 384 1022 1487 1108; baseline -0.001 -19"><span class='ocrx_word' id='word_1_55' title='bbox 384 1025 568 1102; x_wconf 90' lang='lat' dir='ltr'><strong>declarant,</strong></span> <span class='ocrx_word' id='word_1_56' title='bbox 583 1024 738 1106; x_wconf 84' lang='lat' dir='ltr'><strong>idemque</strong></span> <span class='ocrx_word' id='word_1_57' title='bbox 753 1031 861 1088; x_wconf 88' lang='lat' dir='ltr'><strong>status</strong></span> <span class='ocrx_word' id='word_1_58' title='bbox 873 1023 944 1105; x_wconf 87' lang='lat' dir='ltr'><strong>ipse</strong></span> <span class='ocrx_word' id='word_1_59' title='bbox 954 1022 1130 1088; x_wconf 87' lang='lat' dir='ltr'><strong>confirmat</strong></span> <span class='ocrx_word' id='word_1_60' title='bbox 1141 1023 1314 1090; x_wconf 90' lang='lat' dir='ltr'><strong>civitatum</strong></span> <span class='ocrx_word' id='word_1_61' title='bbox 1329 1043 1487 1108; x_wconf 88' lang='lat' dir='ltr'><strong>;quarum</strong></span> 
     </span>
    </p>

    <p class='ocr_par' dir='ltr' id='par_1_5' title="bbox 385 1126 1488 1214">
     <span class='ocr_line' id='line_1_9' title="bbox 385 1126 1488 1214; baseline -0.002 -20"><span class='ocrx_word' id='word_1_62' title='bbox 385 1129 496 1214; x_wconf 90' lang='lat' dir='ltr'><strong>plures</strong></span> <span class='ocrx_word' id='word_1_63' title='bbox 521 1127 677 1192; x_wconf 91' lang='lat' dir='ltr'><strong>videlicet</strong></span> <span class='ocrx_word' id='word_1_64' title='bbox 702 1127 868 1192; x_wconf 82' lang='lat' dir='ltr'><strong>intestinis</strong></span> <span class='ocrx_word' id='word_1_65' title='bbox 895 1126 991 1191; x_wconf 90' lang='lat' dir='ltr'><strong>malis</strong></span> <span class='ocrx_word' id='word_1_66' title='bbox 1014 1128 1155 1206; x_wconf 88' lang='lat' dir='ltr'><strong>attritas,</strong></span> <span class='ocrx_word' id='word_1_67' title='bbox 1182 1127 1308 1192; x_wconf 90' lang='lat' dir='ltr'><strong>nullam</strong></span> <span class='ocrx_word' id='word_1_68' title='bbox 1336 1129 1380 1194; x_wconf 88' lang='lat' dir='ltr'><strong>ab</strong></span> <span class='ocrx_word' id='word_1_69' title='bbox 1395 1129 1488 1194; x_wconf 89' lang='lat' dir='ltr'><strong>omni</strong></span> 
     </span>
    </p>

    <p class='ocr_par' dir='ltr' id='par_1_6' title="bbox 385 1228 1488 1316">
     <span class='ocr_line' id='line_1_10' title="bbox 385 1228 1488 1316; baseline 0 -20"><span class='ocrx_word' id='word_1_70' title='bbox 385 1241 481 1316; x_wconf 87' lang='lat' dir='ltr'><strong>parte</strong></span> <span class='ocrx_word' id='word_1_71' title='bbox 496 1241 604 1296; x_wconf 91' lang='lat' dir='ltr'><strong>tutam</strong></span> <span class='ocrx_word' id='word_1_72' title='bbox 620 1231 781 1296; x_wconf 79' lang='lat' dir='ltr'><strong>videmus.</strong></span> <span class='ocrx_word' id='word_1_73' title='bbox 797 1228 898 1312; x_wconf 86' lang='lat' dir='ltr'><strong>Quod</strong></span> <span class='ocrx_word' id='word_1_74' title='bbox 923 1230 950 1293; x_wconf 90' lang='lat' dir='ltr'><strong>si</strong></span> <span class='ocrx_word' id='word_1_75' title='bbox 967 1230 1195 1314; x_wconf 89' lang='lat' dir='ltr'><strong>improborum</strong></span> <span class='ocrx_word' id='word_1_76' title='bbox 1217 1231 1379 1297; x_wconf 87' lang='lat' dir='ltr'><strong>factiones</strong></span> <span class='ocrx_word' id='word_1_77' title='bbox 1394 1233 1488 1296; x_wconf 89' lang='lat' dir='ltr'><strong>insti·</strong></span> 
     </span>
    </p>

    <p class='ocr_par' dir='ltr' id='par_1_7' title="bbox 385 1334 1487 1426">
     <span class='ocr_line' id='line_1_11' title="bbox 385 1334 1487 1426; baseline 0.005 -28"><span class='ocrx_word' id='word_1_78' title='bbox 385 1344 495 1426; x_wconf 84' lang='lat' dir='ltr'><strong>tutum</strong></span> <span class='ocrx_word' id='word_1_79' title='bbox 512 1335 575 1398; x_wconf 91' lang='lat' dir='ltr'><strong>iter</strong></span> <span class='ocrx_word' id='word_1_80' title='bbox 589 1334 748 1398; x_wconf 85' lang='lat' dir='ltr'><strong>audacter</strong></span> <span class='ocrx_word' id='word_1_81' title='bbox 763 1334 992 1418; x_wconf 86' lang='lat' dir='ltr'><strong>perrexerint:</strong></span> <span class='ocrx_word' id='word_1_82' title='bbox 1007 1335 1036 1398; x_wconf 89' lang='lat' dir='ltr'><strong>si</strong></span> <span class='ocrx_word' id='word_1_83' title='bbox 1051 1336 1198 1402; x_wconf 82' lang='lat' dir='ltr'><strong>evenerit</strong></span> <span class='ocrx_word' id='word_1_84' title='bbox 1213 1334 1255 1400; x_wconf 89' lang='lat' dir='ltr'><strong>iis</strong></span> <span class='ocrx_word' id='word_1_85' title='bbox 1269 1345 1317 1412; x_wconf 91' lang='lat' dir='ltr'><strong>ut,</strong></span> <span class='ocrx_word' id='word_1_86' title='bbox 1327 1337 1487 1420; x_wconf 86' lang='lat' dir='ltr'><strong>quemad·</strong></span> 
     </span>
    </p>

    <p class='ocr_par' dir='ltr' id='par_1_8' title="bbox 386 1437 1489 1524">
     <span class='ocr_line' id='line_1_12' title="bbox 386 1437 1489 1524; baseline -0.002 -18"><span class='ocrx_word' id='word_1_87' title='bbox 386 1441 524 1506; x_wconf 87' lang='lat' dir='ltr'><strong>modum</strong></span> <span class='ocrx_word' id='word_1_88' title='bbox 551 1447 745 1521; x_wconf 86' lang='lat' dir='ltr'><strong>grassantur</strong></span> <span class='ocrx_word' id='word_1_89' title='bbox 769 1437 866 1502; x_wconf 84' lang='lat' dir='ltr'><strong>malis</strong></span> <span class='ocrx_word' id='word_1_90' title='bbox 885 1438 1013 1504; x_wconf 90' lang='lat' dir='ltr'><strong>artibus</strong></span> <span class='ocrx_word' id='word_1_91' title='bbox 1036 1449 1070 1504; x_wconf 92' lang='lat' dir='ltr'><strong>et</strong></span> <span class='ocrx_word' id='word_1_92' title='bbox 1095 1440 1207 1521; x_wconf 88' lang='lat' dir='ltr'><strong>peiore</strong></span> <span class='ocrx_word' id='word_1_93' title='bbox 1237 1440 1421 1524; x_wconf 88' lang='lat' dir='ltr'><strong>proposito,</strong></span> <span class='ocrx_word' id='word_1_94' title='bbox 1441 1441 1489 1504; x_wconf 85' lang='lat' dir='ltr'><strong>sic</strong></span> 
     </span>
    </p>

    <p class='ocr_par' dir='ltr' id='par_1_9' title="bbox 384 1540 1489 1625">
     <span class='ocr_line' id='line_1_13' title="bbox 384 1540 1489 1625; baseline 0 -17"><span class='ocrx_word' id='word_1_95' title='bbox 384 1543 506 1625; x_wconf 88' lang='lat' dir='ltr'><strong>opibus</strong></span> <span class='ocrx_word' id='word_1_96' title='bbox 521 1542 739 1625; x_wconf 57' lang='lat' dir='ltr'><strong>potentiaque</strong></span> <span class='ocrx_word' id='word_1_97' title='bbox 764 1540 979 1618; x_wconf 80' lang='lat' dir='ltr'><strong>invalescant,</strong></span> <span class='ocrx_word' id='word_1_98' title='bbox 994 1543 1212 1607; x_wconf 88' lang='lat' dir='ltr'><strong>metuendum</strong></span> <span class='ocrx_word' id='word_1_99' title='bbox 1233 1563 1314 1608; x_wconf 88' lang='lat' dir='ltr'><strong>sane</strong></span> <span class='ocrx_word' id='word_1_100' title='bbox 1336 1563 1379 1608; x_wconf 91' lang='lat' dir='ltr'><strong>ne</strong></span> <span class='ocrx_word' id='word_1_101' title='bbox 1398 1551 1489 1610; x_wconf 83' lang='lat' dir='ltr'><strong>totas</strong></span> 
     </span>
    </p>

    <p class='ocr_par' dir='ltr' id='par_1_10' title="bbox 385 1645 1487 1728">
     <span class='ocr_line' id='line_1_14' title="bbox 385 1645 1487 1728; baseline 0.004 -18"><span class='ocrx_word' id='word_1_102' title='bbox 385 1645 539 1710; x_wconf 88' lang='lat' dir='ltr'><strong>civitates</strong></span> <span class='ocrx_word' id='word_1_103' title='bbox 555 1665 575 1709; x_wconf 88' lang='lat' dir='ltr'><strong>a</strong></span> <span class='ocrx_word' id='word_1_104' title='bbox 597 1645 834 1721; x_wconf 80' lang='lat' dir='ltr'><strong>fundamentis,</strong></span> <span class='ocrx_word' id='word_1_105' title='bbox 847 1663 934 1728; x_wconf 86' lang='lat' dir='ltr'><strong>quae</strong></span> <span class='ocrx_word' id='word_1_106' title='bbox 950 1645 1062 1728; x_wconf 86' lang='lat' dir='ltr'><strong>posuit</strong></span> <span class='ocrx_word' id='word_1_107' title='bbox 1086 1655 1218 1724; x_wconf 86' lang='lat' dir='ltr'><strong>natura,</strong></span> <span class='ocrx_word' id='word_1_108' title='bbox 1231 1647 1430 1714; x_wconf 86' lang='lat' dir='ltr'><strong>convellant</strong></span> <span class='ocrx_word' id='word_1_109' title='bbox 1446 1685 1487 1698; x_wconf 92' lang='lat'><em>-</em></span> 
     </span>
    </p>

    <p class='ocr_par' dir='ltr' id='par_1_11' title="bbox 304 1747 1491 1857">
     <span class='ocr_line' id='line_1_15' title="bbox 304 1747 1491 1857; baseline 0.003 -42"><span class='ocrx_word' id='word_1_110' title='bbox 304 1800 363 1857; x_wconf 56' lang='grc' dir='ltr'><strong>(Μ</strong></span> <span class='ocrx_word' id='word_1_111' title='bbox 387 1751 508 1834; x_wconf 89' lang='lat' dir='ltr'><strong>Neque</strong></span> <span class='ocrx_word' id='word_1_112' title='bbox 523 1771 602 1816; x_wconf 87' lang='lat' dir='ltr'><strong>vero</strong></span> <span class='ocrx_word' id='word_1_113' title='bbox 617 1749 784 1833; x_wconf 87' lang='lat' dir='ltr'><strong>prohiberi</strong></span> <span class='ocrx_word' id='word_1_114' title='bbox 800 1758 915 1814; x_wconf 86' lang='lat' dir='ltr'><strong>tantae</strong></span> <span class='ocrx_word' id='word_1_115' title='bbox 932 1747 1125 1814; x_wconf 80' lang='lat' dir='ltr'><strong>formidines</strong></span> <span class='ocrx_word' id='word_1_116' title='bbox 1146 1749 1218 1815; x_wconf 89' lang='lat' dir='ltr'><strong>sola</strong></span> <span class='ocrx_word' id='word_1_117' title='bbox 1233 1751 1407 1816; x_wconf 90' lang='lat' dir='ltr'><strong>hominum</strong></span> <span class='ocrx_word' id='word_1_118' title='bbox 1425 1773 1491 1834; x_wconf 85' lang='lat' dir='ltr'><strong>ope</strong></span> 
     </span>
    </p>

    <p class='ocr_par' dir='ltr' id='par_1_12' title="bbox 211 1852 1491 1938">
     <span class='ocr_line' id='line_1_16' title="bbox 211 1852 1491 1938; baseline 0.002 -20"><span class='ocrx_word' id='word_1_119' title='bbox 211 1860 285 1911; x_wconf 72' lang='lat' dir='ltr'><strong>mla·</strong></span> <span class='ocrx_word' id='word_1_120' title='bbox 301 1873 362 1904; x_wconf 67' lang='lat' dir='ltr'><strong>cvra</strong></span> <span class='ocrx_word' id='word_1_121' title='bbox 386 1863 537 1938; x_wconf 80' lang='lat' dir='ltr'><strong>possunt,</strong></span> <span class='ocrx_word' id='word_1_122' title='bbox 551 1853 746 1936; x_wconf 88' lang='lat' dir='ltr'><strong>praesertim</strong></span> <span class='ocrx_word' id='word_1_123' title='bbox 772 1855 851 1936; x_wconf 92' lang='lat' dir='ltr'><strong>quia</strong></span> <span class='ocrx_word' id='word_1_124' title='bbox 871 1852 1052 1918; x_wconf 89' lang='lat' dir='ltr'><strong>multitudo</strong></span> <span class='ocrx_word' id='word_1_125' title='bbox 1077 1854 1206 1937; x_wconf 88' lang='lat' dir='ltr'><strong>ingens,</strong></span> <span class='ocrx_word' id='word_1_126' title='bbox 1221 1853 1287 1918; x_wconf 88' lang='lat' dir='ltr'><strong>fide</strong></span> <span class='ocrx_word' id='word_1_127' title='bbox 1310 1855 1491 1920; x_wconf 87' lang='lat' dir='ltr'><strong>christiana</strong></span> 
     </span>
    </p>
   </div>
   <div class='ocr_carea' id='block_1_5' title="bbox 211 1923 1490 2042">
    <p class='ocr_par' dir='ltr' id='par_1_13' title="bbox 211 1923 1490 2042">
     <span class='ocr_line' id='line_1_17' title="bbox 211 1923 1490 2042; baseline -0.002 -18"><span class='ocrx_word' id='word_1_128' title='bbox 211 1923 363 2024; x_wconf 58' lang='lat' dir='ltr'><strong>mma.</strong></span> <span class='ocrx_word' id='word_1_129' title='bbox 388 1958 519 2036; x_wconf 89' lang='lat' dir='ltr'><strong>reiecta,</strong></span> <span class='ocrx_word' id='word_1_130' title='bbox 534 1959 637 2022; x_wconf 89' lang='lat' dir='ltr'><strong>iustas</strong></span> <span class='ocrx_word' id='word_1_131' title='bbox 653 1957 828 2040; x_wconf 89' lang='lat' dir='ltr'><strong>superbiae</strong></span> <span class='ocrx_word' id='word_1_132' title='bbox 854 1977 981 2040; x_wconf 85' lang='lat' dir='ltr'><strong>poenas</strong></span> <span class='ocrx_word' id='word_1_133' title='bbox 995 1957 1030 2022; x_wconf 91' lang='lat' dir='ltr'><strong>in</strong></span> <span class='ocrx_word' id='word_1_134' title='bbox 1045 1957 1109 2022; x_wconf 91' lang='lat' dir='ltr'><strong>hoc</strong></span> <span class='ocrx_word' id='word_1_135' title='bbox 1126 1957 1196 2036; x_wconf 90' lang='lat' dir='ltr'><strong>luit,</strong></span> <span class='ocrx_word' id='word_1_136' title='bbox 1210 1959 1300 2042; x_wconf 91' lang='lat' dir='ltr'><strong>quod</strong></span> <span class='ocrx_word' id='word_1_137' title='bbox 1315 1959 1490 2023; x_wconf 90' lang='lat' dir='ltr'><strong>veritatem</strong></span> 
     </span>
    </p>
   </div>
   <div class='ocr_carea' id='block_1_6' title="bbox 207 2037 1573 4110">
    <p class='ocr_par' dir='ltr' id='par_1_14' title="bbox 207 2037 1492 2561">
     <span class='ocr_line' id='line_1_18' title="bbox 207 2037 1492 2144; baseline -0.002 -18"><span class='ocrx_word' id='word_1_138' title='bbox 207 2037 364 2144; x_wconf 41' lang='lat' dir='ltr'><strong>§55³2ssss</strong></span> <span class='ocrx_word' id='word_1_139' title='bbox 389 2061 569 2126; x_wconf 90' lang='lat' dir='ltr'><strong>obcaecata</strong></span> <span class='ocrx_word' id='word_1_140' title='bbox 595 2061 835 2144; x_wconf 81' lang='lat' dir='ltr'><strong>cupiditatibus</strong></span> <span class='ocrx_word' id='word_1_141' title='bbox 862 2060 983 2124; x_wconf 88' lang='lat' dir='ltr'><strong>frustra</strong></span> <span class='ocrx_word' id='word_1_142' title='bbox 1006 2061 1182 2144; x_wconf 88' lang='lat' dir='ltr'><strong>conquirit,</strong></span> <span class='ocrx_word' id='word_1_143' title='bbox 1208 2060 1292 2125; x_wconf 87' lang='lat' dir='ltr'><strong>falsa</strong></span> <span class='ocrx_word' id='word_1_144' title='bbox 1319 2081 1380 2144; x_wconf 91' lang='lat' dir='ltr'><strong>pro</strong></span> <span class='ocrx_word' id='word_1_145' title='bbox 1405 2062 1492 2126; x_wconf 86' lang='lat' dir='ltr'><strong>veris</strong></span> 
     </span>
     <span class='ocr_line' id='line_1_19' title="bbox 213 2157 1492 2264; baseline -0.002 -35"><span class='ocrx_word' id='word_1_146' title='bbox 213 2157 364 2264; x_wconf 46' lang='lat' dir='ltr'><strong>ww</strong></span> <span class='ocrx_word' id='word_1_147' title='bbox 389 2164 612 2246; x_wconf 87' lang='lat' dir='ltr'><strong>amplexatur,</strong></span> <span class='ocrx_word' id='word_1_148' title='bbox 626 2163 757 2248; x_wconf 88' lang='lat' dir='ltr'><strong>sibique</strong></span> <span class='ocrx_word' id='word_1_149' title='bbox 766 2164 897 2228; x_wconf 91' lang='lat' dir='ltr'><strong>videtur</strong></span> <span class='ocrx_word' id='word_1_150' title='bbox 906 2184 1024 2246; x_wconf 89' lang='lat' dir='ltr'><strong>sapere</strong></span> <span class='ocrx_word' id='word_1_151' title='bbox 1032 2184 1107 2229; x_wconf 92' lang='lat' dir='ltr'><strong>cum</strong></span> <span class='ocrx_word' id='word_1_152' title='bbox 1121 2173 1220 2228; x_wconf 91' lang='lat' dir='ltr'><strong>vocat</strong></span> <span class='ocrx_word' id='word_1_153' title='bbox 1230 2165 1355 2230; x_wconf 82' lang='lat' dir='ltr'><strong>rnalum</strong></span> <span class='ocrx_word' id='word_1_154' title='bbox 1365 2164 1492 2242; x_wconf 84' lang='lat' dir='ltr'><strong>bonum,</strong></span> 
     </span>
     <span class='ocr_line' id='line_1_20' title="bbox 209 2268 1491 2394; baseline -0.001 -61"><span class='ocrx_word' id='word_1_155' title='bbox 209 2281 310 2394; x_wconf 53' lang='lat' dir='ltr'><strong>We</strong></span> <span class='ocrx_word' id='word_1_156' title='bbox 326 2277 364 2382; x_wconf 62' lang='lat' dir='ltr'><strong>‘Z&#39;</strong></span> <span class='ocrx_word' id='word_1_157' title='bbox 388 2279 420 2332; x_wconf 90' lang='lat' dir='ltr'><strong>et</strong></span> <span class='ocrx_word' id='word_1_158' title='bbox 427 2268 543 2332; x_wconf 74' lang='lat' dir='ltr'><strong>honrem</strong></span> <span class='ocrx_word' id='word_1_159' title='bbox 557 2270 691 2344; x_wconf 79' lang='lat' dir='ltr'><strong>malurn,</strong></span> <span class='ocrx_word' id='word_1_160' title='bbox 700 2288 828 2351; x_wconf 90' lang='lat' dir='ltr'><strong>ponens</strong></span> <span class='ocrx_word' id='word_1_161' title='bbox 843 2268 990 2333; x_wconf 79' lang='lat' dir='ltr'><strong>tenebras</strong></span> <span class='ocrx_word' id='word_1_162' title='bbox 1002 2269 1113 2346; x_wconf 85' lang='lat' dir='ltr'><strong>lucem,</strong></span> <span class='ocrx_word' id='word_1_163' title='bbox 1124 2279 1156 2332; x_wconf 85' lang='lat' dir='ltr'><strong>et</strong></span> <span class='ocrx_word' id='word_1_164' title='bbox 1169 2270 1270 2334; x_wconf 86' lang='lat' dir='ltr'><strong>lucem</strong></span> <span class='ocrx_word' id='word_1_165' title='bbox 1279 2269 1426 2336; x_wconf 80' lang='lat' dir='ltr'><strong>tenebras</strong></span> <span class='ocrx_word' id='word_1_166' title='bbox 1440 2273 1491 2355; x_wconf 78' lang='lat'><em>(2).</em></span> 
     </span>
     <span class='ocr_line' id='line_1_21' title="bbox 213 2343 1490 2456; baseline -0.001 -15"><span class='ocrx_word' id='word_1_167' title='bbox 213 2402 282 2452; x_wconf 71' lang='lat' dir='ltr'><strong>runt,</strong></span> <span class='ocrx_word' id='word_1_168' title='bbox 302 2343 333 2396; x_wconf 54' lang='lat'><strong>²⁰</strong></span> <span class='ocrx_word' id='word_1_169' title='bbox 355 2361 365 2371; x_wconf 56' lang='lat'>⁸</span> <span class='ocrx_word' id='word_1_170' title='bbox 391 2373 498 2456; x_wconf 91' lang='lat' dir='ltr'><strong>Igitur</strong></span> <span class='ocrx_word' id='word_1_171' title='bbox 522 2373 614 2436; x_wconf 89' lang='lat' dir='ltr'><strong>Deus</strong></span> <span class='ocrx_word' id='word_1_172' title='bbox 641 2373 779 2450; x_wconf 85' lang='lat' dir='ltr'><strong>intersit,</strong></span> <span class='ocrx_word' id='word_1_173' title='bbox 795 2392 833 2437; x_wconf 91' lang='lat' dir='ltr'><strong>ac</strong></span> <span class='ocrx_word' id='word_1_174' title='bbox 849 2373 1066 2454; x_wconf 84' lang='lat' dir='ltr'><strong>benignitatis</strong></span> <span class='ocrx_word' id='word_1_175' title='bbox 1090 2392 1171 2437; x_wconf 91' lang='lat' dir='ltr'><strong>suae</strong></span> <span class='ocrx_word' id='word_1_176' title='bbox 1201 2392 1329 2438; x_wconf 90' lang='lat' dir='ltr'><strong>memor</strong></span> <span class='ocrx_word' id='word_1_177' title='bbox 1358 2374 1490 2440; x_wconf 90' lang='lat' dir='ltr'><strong>civilem</strong></span> 
     </span>
     <span class='ocr_line' id='line_1_22' title="bbox 388 2475 1491 2561; baseline 0.004 -21"><span class='ocrx_word' id='word_1_178' title='bbox 388 2477 562 2540; x_wconf 86' lang='lat' dir='ltr'><strong>hominum</strong></span> <span class='ocrx_word' id='word_1_179' title='bbox 590 2477 784 2540; x_wconf 90' lang='lat' dir='ltr'><strong>societatem</strong></span> <span class='ocrx_word' id='word_1_180' title='bbox 816 2476 970 2559; x_wconf 90' lang='lat' dir='ltr'><strong>respiciat</strong></span> <span class='ocrx_word' id='word_1_181' title='bbox 1001 2496 1135 2540; x_wconf 89' lang='lat' dir='ltr'><strong>necesse</strong></span> <span class='ocrx_word' id='word_1_182' title='bbox 1164 2485 1223 2542; x_wconf 92' lang='lat' dir='ltr'><strong>est.</strong></span> <span class='ocrx_word' id='word_1_183' title='bbox 1252 2475 1491 2561; x_wconf 83' lang='lat' dir='ltr'><strong>Quamobrem,</strong></span> 
     </span>
    </p>

    <p class='ocr_par' dir='ltr' id='par_1_15' title="bbox 211 2579 1491 2974">
     <span class='ocr_line' id='line_1_23' title="bbox 307 2579 1490 2666; baseline 0.003 -22"><span class='ocrx_word' id='word_1_184' title='bbox 307 2654 312 2666; x_wconf 91' lang='lat'><em>.</em></span> <span class='ocrx_word' id='word_1_185' title='bbox 389 2582 477 2665; x_wconf 91' lang='lat' dir='ltr'><strong>quod</strong></span> <span class='ocrx_word' id='word_1_186' title='bbox 496 2581 709 2644; x_wconf 90' lang='lat' dir='ltr'><strong>vehementer</strong></span> <span class='ocrx_word' id='word_1_187' title='bbox 723 2579 806 2645; x_wconf 90' lang='lat' dir='ltr'><strong>alias</strong></span> <span class='ocrx_word' id='word_1_188' title='bbox 822 2581 945 2646; x_wconf 88' lang='lat' dir='ltr'><strong>hortati</strong></span> <span class='ocrx_word' id='word_1_189' title='bbox 961 2601 1086 2660; x_wconf 88' lang='lat' dir='ltr'><strong>sumus,</strong></span> <span class='ocrx_word' id='word_1_190' title='bbox 1100 2580 1260 2664; x_wconf 86' lang='lat' dir='ltr'><strong>singulari</strong></span> <span class='ocrx_word' id='word_1_191' title='bbox 1284 2582 1397 2646; x_wconf 92' lang='lat' dir='ltr'><strong>studio</strong></span> <span class='ocrx_word' id='word_1_192' title='bbox 1411 2604 1490 2648; x_wconf 93' lang='lat' dir='ltr'><strong>con·</strong></span> 
     </span>
     <span class='ocr_line' id='line_1_24' title="bbox 213 2659 1490 2766; baseline -0.001 -16"><span class='ocrx_word' id='word_1_193' title='bbox 213 2659 364 2761; x_wconf 54' lang='grc' dir='ltr'><strong>ηῗᾷᾝῗέἶ</strong></span> <span class='ocrx_word' id='word_1_194' title='bbox 389 2685 578 2766; x_wconf 88' lang='lat' dir='ltr'><strong>stantiaque</strong></span> <span class='ocrx_word' id='word_1_195' title='bbox 599 2683 803 2758; x_wconf 90' lang='lat' dir='ltr'><strong>enitendum,</strong></span> <span class='ocrx_word' id='word_1_196' title='bbox 827 2693 864 2746; x_wconf 90' lang='lat' dir='ltr'><strong>ut</strong></span> <span class='ocrx_word' id='word_1_197' title='bbox 899 2683 1076 2748; x_wconf 86' lang='lat' dir='ltr'><strong>clementia</strong></span> <span class='ocrx_word' id='word_1_198' title='bbox 1108 2685 1224 2748; x_wconf 88' lang='lat' dir='ltr'><strong>divina</strong></span> <span class='ocrx_word' id='word_1_199' title='bbox 1259 2685 1490 2749; x_wconf 87' lang='lat' dir='ltr'><strong>obsecratione</strong></span> 
     </span>
     <span class='ocr_line' id='line_1_25' title="bbox 211 2773 1491 2879; baseline -0.004 -24"><span class='ocrx_word' id='word_1_200' title='bbox 211 2773 313 2879; x_wconf 52' lang='grc' dir='ltr'><strong>ῥ’,ᾮζζζ</strong></span> <span class='ocrx_word' id='word_1_201' title='bbox 328 2789 363 2820; x_wconf 76' lang='lat'><strong>&#39;‘&#39;</strong></span> <span class='ocrx_word' id='word_1_202' title='bbox 388 2788 505 2854; x_wconf 90' lang='lat' dir='ltr'><strong>humili</strong></span> <span class='ocrx_word' id='word_1_203' title='bbox 522 2797 688 2866; x_wconf 90' lang='lat' dir='ltr'><strong>exoretur,</strong></span> <span class='ocrx_word' id='word_1_204' title='bbox 698 2788 911 2870; x_wconf 87' lang='lat' dir='ltr'><strong>virtutesque,</strong></span> <span class='ocrx_word' id='word_1_205' title='bbox 927 2788 1046 2869; x_wconf 90' lang='lat' dir='ltr'><strong>quibus</strong></span> <span class='ocrx_word' id='word_1_206' title='bbox 1061 2787 1201 2852; x_wconf 90' lang='lat' dir='ltr'><strong>efficitur</strong></span> <span class='ocrx_word' id='word_1_207' title='bbox 1217 2788 1286 2850; x_wconf 88' lang='lat' dir='ltr'><strong>vita</strong></span> <span class='ocrx_word' id='word_1_208' title='bbox 1300 2787 1491 2863; x_wconf 86' lang='lat' dir='ltr'><strong>christiana,</strong></span> 
     </span>
     <span class='ocr_line' id='line_1_26' title="bbox 388 2891 1490 2974; baseline -0.004 -18"><span class='ocrx_word' id='word_1_209' title='bbox 388 2902 592 2957; x_wconf 88' lang='lat' dir='ltr'><strong>revocentur.</strong></span> <span class='ocrx_word' id='word_1_210' title='bbox 608 2929 651 2940; x_wconf 89' lang='grc'>-</span> <span class='ocrx_word' id='word_1_211' title='bbox 667 2891 837 2974; x_wconf 88' lang='lat' dir='ltr'><strong>Imprimis</strong></span> <span class='ocrx_word' id='word_1_212' title='bbox 852 2900 964 2955; x_wconf 90' lang='lat' dir='ltr'><strong>autern</strong></span> <span class='ocrx_word' id='word_1_213' title='bbox 981 2891 1161 2955; x_wconf 89' lang='lat' dir='ltr'><strong>excitanda</strong></span> <span class='ocrx_word' id='word_1_214' title='bbox 1173 2911 1212 2954; x_wconf 89' lang='lat' dir='ltr'><strong>ac</strong></span> <span class='ocrx_word' id='word_1_215' title='bbox 1228 2891 1354 2954; x_wconf 87' lang='lat' dir='ltr'><strong>tuenda</strong></span> <span class='ocrx_word' id='word_1_216' title='bbox 1369 2891 1490 2954; x_wconf 86' lang='lat' dir='ltr'><strong>caritas</strong></span> 
     </span>
    </p>

    <p class='ocr_par' dir='ltr' id='par_1_16' title="bbox 209 2977 1573 3491">
     <span class='ocr_line' id='line_1_27' title="bbox 211 2977 1573 3098; baseline -0.001 -39"><span class='ocrx_word' id='word_1_217' title='bbox 211 2992 366 3098; x_wconf 38' lang='lat' dir='ltr'><strong>{amar</strong></span> <span class='ocrx_word' id='word_1_218' title='bbox 388 3005 447 3072; x_wconf 89' lang='lat' dir='ltr'><strong>est,</strong></span> <span class='ocrx_word' id='word_1_219' title='bbox 462 2977 548 3077; x_wconf 79' lang='lat' dir='ltr'><strong>quae</strong></span> <span class='ocrx_word' id='word_1_220' title='bbox 571 2994 787 3076; x_wconf 90' lang='lat' dir='ltr'><strong>praecipuum</strong></span> <span class='ocrx_word' id='word_1_221' title='bbox 811 2994 900 3058; x_wconf 88' lang='lat' dir='ltr'><strong>vitae</strong></span> <span class='ocrx_word' id='word_1_222' title='bbox 922 2994 1123 3058; x_wconf 89' lang='lat' dir='ltr'><strong>christianae</strong></span> <span class='ocrx_word' id='word_1_223' title='bbox 1147 2992 1395 3058; x_wconf 89' lang='lat' dir='ltr'><strong>firmamentum</strong></span> <span class='ocrx_word' id='word_1_224' title='bbox 1411 3013 1490 3058; x_wconf 90' lang='lat' dir='ltr'><strong>con·</strong></span> <span class='ocrx_word' id='word_1_225' title='bbox 1568 3059 1573 3068; x_wconf 82' lang='grc'><em>,</em></span> 
     </span>
     <span class='ocr_line' id='line_1_28' title="bbox 209 3095 1490 3180; baseline 0.002 -25"><span class='ocrx_word' id='word_1_226' title='bbox 209 3111 303 3157; x_wconf 61' lang='lat' dir='ltr'><strong>cae-reas</strong></span> <span class='ocrx_word' id='word_1_227' title='bbox 313 3128 323 3158; x_wconf 93' lang='lat'><strong>.·</strong></span> <span class='ocrx_word' id='word_1_228' title='bbox 390 3099 484 3172; x_wconf 91' lang='lat' dir='ltr'><strong>tinet,</strong></span> <span class='ocrx_word' id='word_1_229' title='bbox 500 3109 532 3162; x_wconf 91' lang='lat' dir='ltr'><strong>et</strong></span> <span class='ocrx_word' id='word_1_230' title='bbox 549 3096 620 3160; x_wconf 90' lang='lat' dir='ltr'><strong>sine</strong></span> <span class='ocrx_word' id='word_1_231' title='bbox 636 3117 702 3180; x_wconf 88' lang='lat' dir='ltr'><strong>qua</strong></span> <span class='ocrx_word' id='word_1_232' title='bbox 717 3107 775 3162; x_wconf 88' lang='lat' dir='ltr'><strong>aut</strong></span> <span class='ocrx_word' id='word_1_233' title='bbox 788 3096 898 3160; x_wconf 87' lang='lat' dir='ltr'><strong>nullae</strong></span> <span class='ocrx_word' id='word_1_234' title='bbox 913 3097 1052 3162; x_wconf 90' lang='lat' dir='ltr'><strong>omnino</strong></span> <span class='ocrx_word' id='word_1_235' title='bbox 1067 3108 1155 3173; x_wconf 93' lang='lat' dir='ltr'><strong>sunt,</strong></span> <span class='ocrx_word' id='word_1_236' title='bbox 1169 3107 1228 3162; x_wconf 91' lang='lat' dir='ltr'><strong>aut</strong></span> <span class='ocrx_word' id='word_1_237' title='bbox 1242 3095 1349 3160; x_wconf 85' lang='lat' dir='ltr'><strong>fructu</strong></span> <span class='ocrx_word' id='word_1_238' title='bbox 1365 3115 1490 3160; x_wconf 88' lang='lat' dir='ltr'><strong>vacuae</strong></span> 
     </span>
     <span class='ocr_line' id='line_1_29' title="bbox 387 3199 1491 3275; baseline -0.005 -8"><span class='ocrx_word' id='word_1_239' title='bbox 387 3203 533 3268; x_wconf 90' lang='lat' dir='ltr'><strong>virtutes.</strong></span> <span class='ocrx_word' id='word_1_240' title='bbox 552 3203 681 3266; x_wconf 93' lang='lat' dir='ltr'><strong>ldcirco</strong></span> <span class='ocrx_word' id='word_1_241' title='bbox 708 3202 826 3268; x_wconf 90' lang='lat' dir='ltr'><strong>beatus</strong></span> <span class='ocrx_word' id='word_1_242' title='bbox 853 3201 976 3266; x_wconf 90' lang='lat' dir='ltr'><strong>Paulus</strong></span> <span class='ocrx_word' id='word_1_243' title='bbox 1001 3201 1217 3268; x_wconf 88' lang='lat' dir='ltr'><strong>Colossenses</strong></span> <span class='ocrx_word' id='word_1_244' title='bbox 1232 3199 1438 3275; x_wconf 87' lang='lat' dir='ltr'><strong>adhortatus,</strong></span> <span class='ocrx_word' id='word_1_245' title='bbox 1455 3210 1491 3263; x_wconf 92' lang='lat' dir='ltr'><strong>ut</strong></span> 
     </span>
     <span class='ocr_line' id='line_1_30' title="bbox 387 3301 1491 3389; baseline -0.005 -18"><span class='ocrx_word' id='word_1_246' title='bbox 387 3307 504 3372; x_wconf 89' lang='lat' dir='ltr'><strong>vitium</strong></span> <span class='ocrx_word' id='word_1_247' title='bbox 528 3325 629 3370; x_wconf 89' lang='lat' dir='ltr'><strong>omne</strong></span> <span class='ocrx_word' id='word_1_248' title='bbox 652 3304 859 3389; x_wconf 85' lang='lat' dir='ltr'><strong>defugerent,</strong></span> <span class='ocrx_word' id='word_1_249' title='bbox 874 3305 1067 3388; x_wconf 88' lang='lat' dir='ltr'><strong>variamque</strong></span> <span class='ocrx_word' id='word_1_250' title='bbox 1079 3305 1239 3369; x_wconf 90' lang='lat' dir='ltr'><strong>virtutum</strong></span> <span class='ocrx_word' id='word_1_251' title='bbox 1263 3301 1396 3368; x_wconf 89' lang='lat' dir='ltr'><strong>laudem</strong></span> <span class='ocrx_word' id='word_1_252' title='bbox 1413 3321 1491 3366; x_wconf 92' lang='lat' dir='ltr'><strong>con·</strong></span> 
     </span>
     <span class='ocr_line' id='line_1_31' title="bbox 387 3405 1491 3491; baseline -0.006 -17"><span class='ocrx_word' id='word_1_253' title='bbox 387 3420 603 3486; x_wconf 88' lang='lat' dir='ltr'><strong>sectarentur,</strong></span> <span class='ocrx_word' id='word_1_254' title='bbox 619 3408 700 3473; x_wconf 92' lang='lat' dir='ltr'><strong>illud</strong></span> <span class='ocrx_word' id='word_1_255' title='bbox 716 3408 859 3488; x_wconf 90' lang='lat' dir='ltr'><strong>subiicit,</strong></span> <span class='ocrx_word' id='word_1_256' title='bbox 872 3419 970 3491; x_wconf 82' lang='lat' dir='ltr'><strong>super</strong></span> <span class='ocrx_word' id='word_1_257' title='bbox 986 3409 1097 3474; x_wconf 79' lang='lat' dir='ltr'><strong>omru&#39;a</strong></span> <span class='ocrx_word' id='word_1_258' title='bbox 1111 3418 1220 3472; x_wconf 85' lang='lat' dir='ltr'><strong>autem</strong></span> <span class='ocrx_word' id='word_1_259' title='bbox 1235 3405 1491 3470; x_wconf 82' lang='lat' dir='ltr'><strong>leneccare&#39;tntem</strong></span> 
     </span>
    </p>

    <p class='ocr_par' dir='ltr' id='par_1_17' title="bbox 208 3509 1491 3798">
     <span class='ocr_line' id='line_1_32' title="bbox 268 3509 1491 3596; baseline -0.005 -19"><span class='ocrx_word' id='word_1_260' title='bbox 268 3520 361 3592; x_wconf 64' lang='lat' dir='ltr'><strong>carues</strong></span> <span class='ocrx_word' id='word_1_261' title='bbox 385 3513 601 3595; x_wconf 80' lang='lat' dir='ltr'><strong>hebete,quod</strong></span> <span class='ocrx_word' id='word_1_262' title='bbox 614 3521 663 3578; x_wconf 82' lang='lat' dir='ltr'><strong>est</strong></span> <span class='ocrx_word' id='word_1_263' title='bbox 681 3511 848 3576; x_wconf 72' lang='lat' dir='ltr'><strong>vinacium</strong></span> <span class='ocrx_word' id='word_1_264' title='bbox 859 3512 1068 3594; x_wconf 83' lang='lat' dir='ltr'><strong>perfectionis</strong></span> <span class='ocrx_word' id='word_1_265' title='bbox 1084 3512 1134 3596; x_wconf 79' lang='lat'><strong>(³).</strong></span> <span class='ocrx_word' id='word_1_266' title='bbox 1150 3511 1239 3576; x_wconf 89' lang='lat' dir='ltr'><strong>Vere</strong></span> <span class='ocrx_word' id='word_1_267' title='bbox 1254 3509 1423 3572; x_wconf 90' lang='lat' dir='ltr'><strong>vinculum</strong></span> <span class='ocrx_word' id='word_1_268' title='bbox 1439 3515 1491 3572; x_wconf 91' lang='lat' dir='ltr'><strong>est</strong></span> 
     </span>
     <span class='ocr_line' id='line_1_33' title="bbox 208 3579 1491 3696; baseline -0.007 -17"><span class='ocrx_word' id='word_1_269' title='bbox 208 3579 345 3638; x_wconf 54' lang='lat' dir='ltr'><strong>&#39;&#39;WB‘&#39;</strong></span> <span class='ocrx_word' id='word_1_270' title='bbox 387 3612 600 3696; x_wconf 88' lang='lat' dir='ltr'><strong>perfectionis</strong></span> <span class='ocrx_word' id='word_1_271' title='bbox 611 3612 740 3687; x_wconf 87' lang='lat' dir='ltr'><strong>caritas,</strong></span> <span class='ocrx_word' id='word_1_272' title='bbox 755 3612 834 3693; x_wconf 90' lang='lat' dir='ltr'><strong>quia</strong></span> <span class='ocrx_word' id='word_1_273' title='bbox 849 3631 932 3694; x_wconf 89' lang='lat' dir='ltr'><strong>quos</strong></span> <span class='ocrx_word' id='word_1_274' title='bbox 959 3612 1307 3694; x_wconf 88' lang='lat' dir='ltr'><strong>complexaest,cum</strong></span> <span class='ocrx_word' id='word_1_275' title='bbox 1324 3607 1491 3689; x_wconf 86' lang='lat' dir='ltr'><strong>Deoipso</strong></span> 
     </span>
     <span class='ocr_line' id='line_1_34' title="bbox 386 3711 1489 3798; baseline -0.005 -18"><span class='ocrx_word' id='word_1_276' title='bbox 386 3718 504 3781; x_wconf 90' lang='lat' dir='ltr'><strong>intime</strong></span> <span class='ocrx_word' id='word_1_277' title='bbox 528 3715 711 3798; x_wconf 90' lang='lat' dir='ltr'><strong>coniungit,</strong></span> <span class='ocrx_word' id='word_1_278' title='bbox 726 3713 920 3797; x_wconf 88' lang='lat' dir='ltr'><strong>perficitque</strong></span> <span class='ocrx_word' id='word_1_279' title='bbox 943 3725 981 3780; x_wconf 92' lang='lat' dir='ltr'><strong>ut</strong></span> <span class='ocrx_word' id='word_1_280' title='bbox 1008 3717 1112 3780; x_wconf 89' lang='lat' dir='ltr'><strong>vitam</strong></span> <span class='ocrx_word' id='word_1_281' title='bbox 1138 3714 1271 3778; x_wconf 86' lang='lat' dir='ltr'><strong>animae</strong></span> <span class='ocrx_word' id='word_1_282' title='bbox 1298 3711 1489 3776; x_wconf 89' lang='lat' dir='ltr'><strong>haurianta</strong></span> 
     </span>
    </p>

    <p class='ocr_par' dir='ltr' id='par_1_18' title="bbox 386 3815 1490 3901">
     <span class='ocr_line' id='line_1_35' title="bbox 386 3815 1490 3901; baseline -0.006 -16"><span class='ocrx_word' id='word_1_283' title='bbox 386 3821 470 3898; x_wconf 91' lang='lat' dir='ltr'><strong>Deo,</strong></span> <span class='ocrx_word' id='word_1_284' title='bbox 485 3839 562 3885; x_wconf 89' lang='lat' dir='ltr'><strong>cum</strong></span> <span class='ocrx_word' id='word_1_285' title='bbox 587 3819 662 3884; x_wconf 92' lang='lat' dir='ltr'><strong>Deo</strong></span> <span class='ocrx_word' id='word_1_286' title='bbox 677 3826 789 3901; x_wconf 85' lang='lat' dir='ltr'><strong>agant,</strong></span> <span class='ocrx_word' id='word_1_287' title='bbox 799 3819 842 3882; x_wconf 90' lang='lat' dir='ltr'><strong>ad</strong></span> <span class='ocrx_word' id='word_1_288' title='bbox 856 3818 967 3883; x_wconf 90' lang='lat' dir='ltr'><strong>Deum</strong></span> <span class='ocrx_word' id='word_1_289' title='bbox 978 3819 1129 3883; x_wconf 81' lang='lat' dir='ltr'><strong>referant</strong></span> <span class='ocrx_word' id='word_1_290' title='bbox 1147 3815 1258 3881; x_wconf 90' lang='lat' dir='ltr'><strong>Debet</strong></span> <span class='ocrx_word' id='word_1_291' title='bbox 1274 3835 1352 3879; x_wconf 93' lang='lat' dir='ltr'><strong>vero</strong></span> <span class='ocrx_word' id='word_1_292' title='bbox 1368 3817 1490 3880; x_wconf 89' lang='lat' dir='ltr'><strong>caritas</strong></span> 
     </span>
    </p>

    <p class='ocr_par' dir='ltr' id='par_1_19' title="bbox 385 3918 1488 4006">
     <span class='ocr_line' id='line_1_36' title="bbox 385 3918 1488 4006; baseline -0.006 -17"><span class='ocrx_word' id='word_1_293' title='bbox 385 3925 449 3989; x_wconf 91' lang='lat' dir='ltr'><strong>Dei</strong></span> <span class='ocrx_word' id='word_1_294' title='bbox 475 3943 552 3990; x_wconf 91' lang='lat' dir='ltr'><strong>cum</strong></span> <span class='ocrx_word' id='word_1_295' title='bbox 578 3924 717 3988; x_wconf 90' lang='lat' dir='ltr'><strong>caritate</strong></span> <span class='ocrx_word' id='word_1_296' title='bbox 742 3922 974 4006; x_wconf 89' lang='lat' dir='ltr'><strong>proximorum</strong></span> <span class='ocrx_word' id='word_1_297' title='bbox 1001 3921 1193 4000; x_wconf 91' lang='lat' dir='ltr'><strong>consociari,</strong></span> <span class='ocrx_word' id='word_1_298' title='bbox 1217 3921 1296 4003; x_wconf 90' lang='lat' dir='ltr'><strong>quia</strong></span> <span class='ocrx_word' id='word_1_299' title='bbox 1320 3918 1488 3983; x_wconf 88' lang='lat' dir='ltr'><strong>infinitam</strong></span> 
     </span>
    </p>

    <p class='ocr_par' dir='ltr' id='par_1_20' title="bbox 231 4023 1488 4110">
     <span class='ocr_line' id='line_1_37' title="bbox 231 4023 1488 4110; baseline -0.013 -10"><span class='ocrx_word' id='word_1_300' title='bbox 231 4040 356 4099; x_wconf 71' lang='lat' dir='ltr'><strong>conjuncta</strong></span> <span class='ocrx_word' id='word_1_301' title='bbox 386 4031 450 4095; x_wconf 92' lang='lat' dir='ltr'><strong>Dei</strong></span> <span class='ocrx_word' id='word_1_302' title='bbox 477 4027 662 4092; x_wconf 89' lang='lat' dir='ltr'><strong>bonitatem</strong></span> <span class='ocrx_word' id='word_1_303' title='bbox 683 4027 837 4091; x_wconf 90' lang='lat' dir='ltr'><strong>homines</strong></span> <span class='ocrx_word' id='word_1_304' title='bbox 863 4027 1073 4110; x_wconf 90' lang='lat' dir='ltr'><strong>participant,</strong></span> <span class='ocrx_word' id='word_1_305' title='bbox 1098 4025 1235 4108; x_wconf 89' lang='lat' dir='ltr'><strong>eiusque</strong></span> <span class='ocrx_word' id='word_1_306' title='bbox 1256 4033 1379 4106; x_wconf 90' lang='lat' dir='ltr'><strong>gerunt</strong></span> <span class='ocrx_word' id='word_1_307' title='bbox 1403 4023 1434 4086; x_wconf 93' lang='lat' dir='ltr'><strong>in</strong></span> <span class='ocrx_word' id='word_1_308' title='bbox 1453 4043 1488 4085; x_wconf 89' lang='lat' dir='ltr'><strong>se</strong></span> 
     </span>
    </p>
   </div>
   <div class='ocr_carea' id='block_1_7' title="bbox 205 4112 1488 4217">
    <p class='ocr_par' dir='ltr' id='par_1_21' title="bbox 205 4112 1488 4217">
     <span class='ocr_line' id='line_1_38' title="bbox 205 4112 1488 4217; baseline -0.005 -21"><span class='ocrx_word' id='word_1_309' title='bbox 205 4112 260 4204; x_wconf 56' lang='lat'><strong>5:22⁸</strong></span> <span class='ocrx_word' id='word_1_310' title='bbox 273 4113 358 4217; x_wconf 54' lang='grc' dir='ltr'><strong>ἧῗὲ.</strong></span> <span class='ocrx_word' id='word_1_311' title='bbox 384 4151 579 4213; x_wconf 86' lang='lat' dir='ltr'><strong>expressam</strong></span> <span class='ocrx_word' id='word_1_312' title='bbox 595 4131 776 4214; x_wconf 89' lang='lat' dir='ltr'><strong>imaginem</strong></span> <span class='ocrx_word' id='word_1_313' title='bbox 793 4141 894 4214; x_wconf 90' lang='lat' dir='ltr'><strong>atque</strong></span> <span class='ocrx_word' id='word_1_314' title='bbox 920 4129 1072 4195; x_wconf 84' lang='lat' dir='ltr'><strong>formam.</strong></span> <span class='ocrx_word' id='word_1_315' title='bbox 1088 4128 1160 4192; x_wconf 85' lang='lat' dir='ltr'><strong>Hoc</strong></span> <span class='ocrx_word' id='word_1_316' title='bbox 1179 4128 1373 4192; x_wconf 76' lang='lat' dir='ltr'><strong>enarrdatum</strong></span> <span class='ocrx_word' id='word_1_317' title='bbox 1393 4125 1488 4190; x_wconf 78' lang='lat' dir='ltr'><strong>leube-</strong></span> 
     </span>
    </p>
   </div>
   <div class='ocr_carea' id='block_1_8' title="bbox 205 4231 305 4264">
    <p class='ocr_par' dir='ltr' id='par_1_22' title="bbox 205 4231 305 4264">
     <span class='ocr_line' id='line_1_39' title="bbox 205 4231 305 4264; baseline 0.02 -3"><span class='ocrx_word' id='word_1_318' title='bbox 205 4231 305 4264; x_wconf 56' lang='lat' dir='ltr'><strong>mmm,</strong></span> 
     </span>
    </p>
   </div>
   <div class='ocr_carea' id='block_1_9' title="bbox 411 4381 1158 4444">
    <p class='ocr_par' dir='ltr' id='par_1_23' title="bbox 411 4381 1158 4444">
     <span class='ocr_line' id='line_1_40' title="bbox 411 4381 1158 4444; baseline -0.001 -16"><span class='ocrx_word' id='word_1_319' title='bbox 411 4397 430 4429; x_wconf 91' lang='lat'><strong>1.</strong></span> <span class='ocrx_word' id='word_1_320' title='bbox 446 4381 593 4436; x_wconf 85' lang='lat' dir='ltr'><strong>Prov..x1v,</strong></span> <span class='ocrx_word' id='word_1_321' title='bbox 605 4397 642 4442; x_wconf 66' lang='lat' dir='ltr'><strong>pr.</strong></span> <span class='ocrx_word' id='word_1_322' title='bbox 654 4397 715 4428; x_wconf 69' lang='grc' dir='ltr'><strong>-ι,</strong></span> <span class='ocrx_word' id='word_1_323' title='bbox 736 4383 775 4434; x_wconf 85' lang='lat' dir='ltr'><strong>Is..</strong></span> <span class='ocrx_word' id='word_1_324' title='bbox 793 4393 817 4436; x_wconf 88' lang='lat' dir='ltr'><strong>v,</strong></span> <span class='ocrx_word' id='word_1_325' title='bbox 830 4397 866 4430; x_wconf 79' lang='lat' dir='ltr'><strong>ao.</strong></span> <span class='ocrx_word' id='word_1_326' title='bbox 879 4408 908 4416; x_wconf 99' lang='lat'>-</span> <span class='ocrx_word' id='word_1_327' title='bbox 919 4397 939 4444; x_wconf 84' lang='lat'><strong>3.</strong></span> <span class='ocrx_word' id='word_1_328' title='bbox 954 4382 1106 4436; x_wconf 86' lang='lat' dir='ltr'><strong>Coloss..1u,</strong></span> <span class='ocrx_word' id='word_1_329' title='bbox 1125 4395 1158 4439; x_wconf 84' lang='lat'><strong>14.</strong></span> 
     </span>
    </p>
   </div>
   <div class='ocr_carea' id='block_1_10' title="bbox 0 0 1686 4928">
    <p class='ocr_par' dir='ltr' id='par_1_24' title="bbox 0 0 1686 4928">
     <span class='ocr_line' id='line_1_41' title="bbox 0 0 1686 4928; baseline 0 0"><span class='ocrx_word' id='word_1_330' title='bbox 0 0 1686 4928; x_wconf 95' lang='lat' dir='ltr'><strong> </strong></span> 
     </span>
    </p>
   </div>
  </div>
 </body>
</html>
