3364 4928
324 654 328 662 -
482 615 529 674 ad
547 615 802 676 patriarcham
825 615 976 677 Ciliciae
995 620 1033 674 et
1052 615 1256 688 Episcopus
1283 613 1444 674 armenti

667 765 764 824 rttus
791 767 896 824 Rom.
921 765 1004 826 Sed.
1035 764 1267 836 eomunotos

592 1303 594 1308 .
672 1227 1482 1317 WWWWWWWWW

315 1435 329 1480 ⁹
451 1393 461 1416 ·
604 1383 839 1452 RMENIAM
872 1393 1018 1467 gentem,
1051 1403 1138 1467 quae
1173 1375 1359 1447 catholicae
1385 1383 1517 1450 veritati

280 1545 294 1575 ,
340 1567 346 1580 ¹
411 1379 599 1752 W
625 1507 665 1552 ac
688 1489 862 1552 doctrinae
886 1506 1009 1572 pronas
1033 1503 1129 1551 aures
1153 1486 1313 1571 praebere
1333 1489 1516 1566 consuevit,

449 1609 599 1754 mg
625 1599 727 1675 atque
757 1593 799 1656 ad
830 1609 905 1655 eam
938 1598 1132 1656 constanter
1165 1589 1374 1654 retinendam
1408 1591 1517 1657 multa

235 1761 277 1805 H
266 1707 386 1806 οήᾗζοζο,
625 1695 706 1777 pati,
720 1714 796 1759 cum
812 1715 897 1777 opus
912 1694 984 1772 luit,
1000 1714 1067 1758 non
1089 1692 1266 1770 dubitavit,
1282 1693 1411 1757 romani
1428 1695 1516 1759 Pon-

235 1833 286 1864 men
288 1833 356 1864 amm
412 1793 517 1860 tifices
543 1797 702 1880 singulari
729 1818 861 1881 semper
886 1797 1121 1863 benevolentia
1146 1797 1312 1880 prosecuti
1336 1807 1415 1862 sunt
1432 1797 1516 1864 mul·

210 1909 212 1916 ’
236 1879 305 1923 '³⁶⁶‘
235 1878 351 1998 ,ᾕξῇζ
409 1899 518 1984 tisque
534 1900 702 1967 beneficiis
717 1903 977 1968 cumulaverunt
994 1900 1145 1985 Quorum
1163 1901 1303 1984 vestigia
1315 1921 1516 1987 persequen-

235 2003 290 2043 00000
293 2003 341 2043 00·
405 2015 461 2068 tes
476 2026 648 2090 nunquam
664 2007 754 2090 passi
770 2026 885 2071 sumus
901 2005 1081 2072 desiderari
1093 2004 1136 2069 ab
1146 2025 1187 2068 ea
1196 2013 1356 2087 paternae
1369 2005 1517 2071 Nostrae

410 2108 580 2173 charitatis
596 2120 816 2193 argumenta:
831 2129 899 2194 qua
923 2107 957 2172 in
974 2130 1009 2172 re
1024 2130 1084 2174 vos
1109 2108 1199 2192 ipsos
1223 2117 1326 2172 testes
1341 2108 1515 2186 habemus,

411 2213 628 2278 Venerabiles
644 2213 673 2277 F
674 2222 787 2292 ratres,
796 2215 854 2296 qui
870 2212 974 2296 probe
990 2212 1106 2290 nostis,
1121 2221 1265 2295 quantas
1282 2211 1354 2276 Nos
1369 2213 1443 2296 ipsi,
1459 2213 1513 2277 vel

412 2317 648 2382 mandantibus
665 2318 773 2382 Nobis
790 2316 1017 2400 Congregatio
1034 2316 1159 2380 Nostra
1176 2314 1253 2380 fidei
1273 2317 1517 2400 propagandae

410 2441 471 2503 pro
486 2421 628 2504 negotiis
645 2423 726 2488 ritus
742 2421 922 2498 orientalis,
935 2420 1105 2484 Armeniis
1118 2418 1309 2483 dederimus
1325 2420 1513 2502 benignita-

410 2525 452 2587 tis
468 2521 1098 2609 atqueindulgentiaesignificationes.
1117 2522 1209 2588 Hinc
1220 2541 1297 2586 cum
1313 2521 1394 2586 nihil
1406 2522 1516 2586 Nobis

410 2629 579 2711 antiquius
604 2629 647 2694 sit
670 2649 773 2713 quam
798 2637 836 2694 ut
862 2629 957 2693 istius
987 2627 1233 2712 patriarchatus
1257 2626 1432 2710 religiosae
1463 2647 1514 2690 res

412 2732 537 2797 maiora
552 2733 585 2797 in
601 2733 673 2797 dies
689 2742 824 2797 sumant
841 2732 1056 2812 incrementa,
1066 2741 1205 2825 gratum
1223 2730 1331 2795 Nobis
1348 2730 1411 2794 suit
1426 2729 1513 2794 acci·

345 2857 488 2930 Ινριπε
502 2856 563 2900 vos
578 2836 645 2902 iam
661 2837 696 2902 in
712 2857 754 2901 eo
768 2857 841 2902 esse
857 2847 894 2902 ut
910 2837 944 2901 in
961 2836 1216 2920 patriarchalem
1244 2835 1411 2917 synodum
1435 2854 1516 2900 con-

350 2935 551 3024 ,ffveniatis
560 2940 828 3006 aevenerabilem
842 2941 977 3005 fratrem
989 2937 1315 3022 patriarcham,datis
1326 2937 1515 3020 nuperrime

350 3041 528 3108 '²²litteris
551 3045 593 3109 ad
621 3054 825 3110 memoratae
857 3039 1138 3126 congregationis
1160 3039 1389 3106 Cardinalium
1417 3040 1515 3103 Prae·

322 3053 542 3226 ιῖῐεοϊιιιη,
558 3150 729 3233 scripsisse
743 3149 829 3214 velle
845 3167 880 3214 se
895 3166 1035 3232 ¹sperare
1059 3145 1213 3210 eamdem
1230 3144 1398 3226 synodum
1416 3142 1515 3208 valde

409 3251 616 3334 profuturam
633 3255 675 3318 ad
692 3253 917 3319 roborandam
935 3250 1095 3315 ecclesiae
1110 3247 1293 3312 Armeniae
1308 3265 1385 3311 cum
1416 3247 1514 3328 Apo·

409 3355 526 3420 stolica
557 3356 646 3422 Sede
671 3357 987 3433 coniunctionem,a
1017 3373 1084 3437 qua
1111 3353 1191 3429 sola,
1218 3361 1256 3414 ut
1285 3351 1427 3433 ipsemet
1457 3349 1514 3427 ait,

409 3457 532 3524 habere
548 3459 604 3524 illa
615 3469 729 3544 potest
744 3460 810 3525 vim
828 3480 867 3523 ac
880 3459 980 3523 robur
992 3457 1117 3522 nedum
1133 3476 1169 3521 se
1189 3453 1382 3538 explicandi
1394 3473 1514 3519 verum

408 3573 443 3628 et
453 3561 596 3630 vivendi.
614 3597 659 3612 -
685 3564 815 3628 Revera
840 3562 884 3627 ab
900 3561 1079 3644 Episcopis
1098 3558 1197 3625 simul
1225 3557 1513 3637 convenientibus,

410 3676 446 3732 ut
470 3667 512 3730 ad
542 3666 685 3749 gloriam
716 3667 781 3731 Dei
812 3667 1067 3749 animarumque
1097 3662 1241 3728 salutem
1268 3661 1514 3745 procurandam

408 3769 553 3834 salubria
569 3781 603 3834 et
618 3780 809 3853 opportuna
835 3771 951 3833 ineant
977 3765 1126 3848 consilia,
1152 3765 1333 3850 plurimum
1358 3762 1514 3828 utilitatis

281 3912 384 3962 chrus
409 3873 561 3938 Ecclesia
578 3874 697 3940 merito
723 3873 954 3958 praestolatur.
983 3872 1020 3938 Si
1044 3872 1144 3948 enim
1160 3869 1252 3954 quod
1266 3877 1382 3951 aperte
1398 3867 1516 3934 docuit

243 3972 313 4018 0000
300 3982 383 4080 ⁰⁵5·
409 3977 561 4044 Christus
577 3977 755 4057 Dominus,
771 3977 827 4042 ubi
855 3977 924 4044 duo
946 3976 998 4042 vel
1026 3986 1093 4041 tres
1119 3973 1243 4039 luerint
1267 3968 1462 4055 cougregati
1479 3970 1513 4034 in

232 4031 364 4139 sarit
409 4081 544 4146 nomine
561 4081 676 4146 Eius'
666 4103 700 4148 tn
726 4081 839 4147 medio
854 4100 970 4147 eorum
987 4081 1066 4163 Ipse
1096 4087 1156 4157 est,
1184 4076 1292 4144 multo
1320 4076 1428 4158 magis
1453 4095 1515 4140 sua

408 4184 516 4267 gratia
546 4183 660 4250 fulcire
688 4205 754 4251 non
782 4183 1007 4250 dubitandum
1035 4182 1223 4266 Episcopos
1251 4178 1357 4263 quiin
1375 4177 1514 4243 nomine

409 4288 491 4352 Eius
529 4288 724 4372 congregati
755 4289 905 4355 studiose
939 4287 1118 4372 inquirant,
1140 4284 1293 4368 religiose
1330 4282 1514 4348 decernant
