3364 4928
207 281 259 330 DE
278 277 500 330 PRAECIPUIS
520 277 656 328 ClVlUlll
677 275 998 328 cHRIS'rlANORUM
1017 276 1187 328 OFFICIIS.
1223 279 1262 348 15

160 390 338 400 ————

155 475 250 520 versa
266 456 456 536 opinentur.
473 453 540 536 Qui
556 453 662 516 solam
680 453 844 516 rationem
861 463 1044 536 sequuntur
1060 454 1191 530 ducem,
1206 454 1265 517 vix
1298 465 1441 560 Mbgffl

155 561 189 622 in
206 560 254 623 eis
269 569 327 622 aut
338 578 387 622 ne
403 558 460 621 vix
477 557 613 641 quidem
631 577 697 622 una
713 577 785 620 esse
796 557 949 621 doctrina
962 565 1073 640 potest
1087 579 1094 621 ε
1110 567 1162 621 est
1175 559 1264 621 enlm
1336 563 1402 622 1890-

157 685 210 727 ars
227 683 335 728 rerum
352 663 660 744 cognoscendarum
677 660 900 743 perdifficilis:
918 681 1012 724 mens
1028 682 1106 726 vero
1127 671 1161 726 et
1176 660 1265 726 infir·
1306 723 1444 768 Hu'ussibi

157 776 279 831 maest
295 769 424 843 natura,
440 775 473 830 et
489 767 650 831 varietate
666 765 864 830 distrahitur
878 766 1084 849 opinionum,
1095 775 1128 830 et
1144 765 1264 848 impul·
1293 739 1384 828 renale
1404 782 1443 828 ue-

154 875 250 936 sione
265 891 375 935 rerum
393 869 506 935 oblata
523 871 732 934 extrinsecus
749 890 816 934 non
834 889 909 933 raro
925 868 1070 948 lallitu1·;
1102 871 1265 932 accedunt
1285 842 1445 946 mm.

153 974 366 1058 cupiditates,
382 993 468 1057 quae
495 975 563 1037 veri
591 973 726 1037 videndi
754 972 895 1036 nimium
924 992 1025 1054 saepe
1056 971 1180 1036 tollunt
1207 981 1266 1036 aut
1289 960 1444 1065 {jfjssm

157 1088 248 1142 certe
264 1077 419 1141 minuunt
430 1075 637 1160 ¹facultatem.
658 1077 734 1140 Hac
764 1078 808 1141 de
837 1095 956 1139 caussa
987 1075 1020 1139 in
1054 1076 1267 1141 moderandis
1288 1078 1417 1183 {reiffe-

157 1181 350 1246 civitatibus
366 1201 467 1264 saepe
482 1182 582 1244 datur
593 1189 742 1262 opera-ut
763 1179 931 1244 coniuncti
947 1181 1267 1263 teneanturvi,quo·
1293 1151 1445 1267 tiballi?

160 1305 233 1348 rum
259 1284 363 1348 animi
387 1283 590 1347 discordant.
614 1320 658 1334 -
689 1282 808 1365 Longe
839 1281 936 1345 aliter
965 1282 1162 1347 christiani:
1186 1283 1267 1365 quid
1294 1257 1381 1303 '‘dd“

157 1389 292 1451 credere
317 1395 483 1469 oporteat,
497 1387 541 1449 ab
558 1385 710 1450 Ecclesia
739 1385 918 1468 accipiunt,
945 1385 1038 1449 cuius
1068 1387 1269 1451 auctoritate

158 1496 330 1575 ductuque
346 1511 381 1554 se
397 1501 490 1555 certo
513 1491 624 1555 sciunt
647 1510 762 1554 verum
787 1489 961 1572 attingere.
988 1491 1168 1573 Propterea
1184 1492 1269 1554 sicut
1312 1513 1446 1584 'Ascuris-

160 1617 228 1662 una
243 1606 295 1661 est
311 1594 472 1672 Ecclesia,
482 1596 560 1677 quia
573 1614 658 1656 unus
674 1593 781 1658 lusus
795 1593 999 1670 CHRISTUS,
1015 1595 1062 1657 ita
1073 1604 1269 1659 cunctorum
1295 1578 1447 1686 gezman

158 1711 234 1766 toto
248 1700 329 1764 orbe
343 1699 601 1763 christianorum
616 1719 682 1763 una
698 1707 749 1762 cst
765 1708 866 1782 atque
882 1719 954 1762 esse
980 1700 1082 1764 debet
1107 1699 1270 1765 doctrina.
1295 1691 1419 1751 ΝΜ·

167 1804 261 1869 Unus
276 1803 449 1878 Dominus,
462 1821 529 1866 urm
531 1802 620 1885 fides
635 1801 682 1886 (¹).
696 1801 863 1865 Habentes
889 1811 997 1864 aretem
1012 1802 1158 1866 eumdem
1173 1801 1270 1884 spiri-

160 1920 232 1972 tum
233 1905 322 1990 fidei
333 1905 388 1989 (²),
399 1905 544 1969 salutare
569 1906 768 1988 principium
790 1905 954 1981 obtinent,
980 1906 1070 1969 unde
1094 1906 1211 1968 eadem
1237 1905 1271 1969 in

162 2011 318 2076 omnibus
333 2009 490 2074 voluntas
505 2009 692 2092 eademque
703 2008 735 2070 in
749 2009 882 2088 agendo
898 2009 982 2072 ratio
992 2017 1113 2090 sponte
1128 2008 1271 2091 gignun-

165 2125 229 2179 tur.

209 2215 288 2293 Sed,
303 2218 393 2298 quod
412 2215 535 2281 Paulus
552 2214 738 2298 Apostolus
754 2216 855 2292 iubet,
867 2215 1124 2278 unanimitatem
1138 2229 1271 2297 oportet

160 2313 237 2384 esse
250 2317 442 2401 perlectam.
458 2355 501 2367 --
517 2317 603 2383 Cum
620 2317 802 2382 christiana
819 2315 900 2380 fides
926 2316 993 2380 non
1020 2315 1196 2395 humanae,
1212 2319 1270 2381 sed
1320 2321 1388 2424 (1412
1386 2333 1448 2366 νῆα·

163 2421 299 2487 divinae
315 2423 453 2487 rationis
469 2423 668 2486 auctoritate
684 2421 819 2498 nitatur,
834 2441 921 2504 quae
936 2421 1026 2485 enim
1044 2442 1063 2484 a
1080 2422 1155 2486 Deo
1179 2443 1270 2486 acce·
1295 2393 1450 2541 llfficulesse

160 2527 283 2609 pimus,
297 2547 377 2590 vera
406 2547 473 2590 esse
500 2523 662 2590 credimus
692 2545 754 2588 nen
778 2535 912 2608 propter
937 2525 1146 2590 intrinsecam
1163 2547 1272 2592 rernm
1297 2499 1449 2617 ffssfffflss‘f

161 2630 334 2694 veritatem
361 2629 514 2693 naturali
538 2629 680 2693 rationes
696 2629 821 2692 lutetiae
843 2639 1052 2712 perspectam,
1067 2629 1127 2691 sed
1141 2640 1276 2713 propter
1320 2618 1429 2662 “mm‘’

159 2733 388 2798 auctoritatem
405 2732 509 2817 ipsius
525 2732 593 2796 Dei
604 2732 787 2810 revelantis,
801 2733 862 2814 qui
886 2754 941 2796 nec
960 2733 1049 2814 salli
1077 2753 1133 2796 nec
1148 2732 1274 2814 fallere
1299 2679 1450 2805 ngllellervi·

154 2836 325 2920 ῥητωρ),
339 2856 548 2920 consequens
564 2847 615 2901 est
630 2845 676 2912 ut,
691 2856 919 2921 quascumque
936 2857 987 2900 res
1010 2847 1141 2902 constet
1157 2858 1229 2900 esse
1253 2858 1272 2900 a
1298 2798 1452 2899 ‹lffullrlllllf

163 2939 242 3004 Deo
257 2941 407 3018 traditas,
421 2940 562 3005 omnino
577 2940 733 3023 excipere
759 2940 907 3023 singulas
934 2941 1006 3023 pari
1033 2941 1200 3024 similique
1222 2961 1273 3004 as-

162 3062 264 3106 sensu
296 3062 431 3107 necesse
445 3043 512 3110 sit:
539 3063 680 3126 quarum
707 3063 817 3108 rerum
834 3044 980 3109 abnuere
996 3043 1097 3109 fidem
1126 3045 1181 3109 uni
1208 3044 1274 3108 huc

164 3146 270 3212 ferme
301 3147 428 3226 recidit,
443 3148 619 3231 repudiare
649 3149 830 3213 universas.
856 3148 1022 3213 Evertunt
1046 3148 1136 3212 enim
1164 3150 1273 3232 ipsum

161 3249 423 3316 {undamentum
440 3249 527 3329 fidei,
545 3252 602 3334 qui
618 3262 677 3317 aut
694 3252 863 3316 elocutum
880 3251 1072 3317 hominibus
1090 3253 1201 3316 Deum
1218 3273 1274 3318 ne-

161 3363 255 3436 gent,
267 3365 326 3418 aut
342 3355 385 3419 de
401 3353 531 3420 infinita
556 3357 626 3419 eius
656 3357 798 3421 veritate
813 3356 1019 3439 sapientiave
1046 3355 1211 3421 dubitent.
1232 3395 1276 3406 -

163 3457 320 3524 Statuere
337 3479 416 3522 vero
432 3479 519 3542 quae
534 3461 601 3524 sint
618 3460 789 3524 doctrinae
805 3459 966 3524 divinitus
991 3459 1143 3538 traditae,
1160 3460 1275 3525 Eccle-
1332 3464 1452 3568 (lqidw-

163 3563 235 3626 siae
251 3563 403 3628 docentis
419 3574 479 3641 est,
494 3565 546 3628 cui
562 3564 750 3629 custodiam
778 3565 1155 3648 interpretationemque
1182 3566 1275 3629 Deus
1301 3530 1436 3629 lesseol‘tlas

161 3665 374 3750 eloquiorum
391 3688 528 3732 suorum
545 3668 723 3734 commisit.
740 3667 900 3733 Summus
916 3678 1030 3734 autem
1047 3677 1099 3731 est
1115 3669 1275 3752 magister
1301 3643 1453 3748 {ffiffil

164 3771 200 3832 in
219 3770 370 3835 Ecclesia
398 3769 556 3837 Pontifex
581 3791 747 3836 romanus.
768 3771 956 3836 Concordia
972 3772 1073 3855 igitur
1088 3773 1276 3838 animorum

164 3874 255 3937 sicut
271 3875 455 3958 perlectum
472 3875 506 3940 in
532 3896 597 3940 una
625 3875 691 3940 fide
715 3897 917 3941 consensum
934 3877 1080 3959 requirit,
1096 3879 1144 3941 ita
1160 3878 1277 3942 volun-

164 3987 255 4042 tates
275 3979 425 4060 postulat
441 3978 612 4042 Ecclesiae
629 3999 836 4061 romanoque
861 3978 1013 4044 Pontifici
1040 3979 1185 4062 periente
1201 3983 1278 4046 sub·

164 4082 272 4145 iectas
296 4091 399 4164 atque
425 4081 704 4165 obtemperantes,
736 4093 773 4146 ut
799 4084 882 4148 Deo.
909 4121 952 4132 -
984 4083 1134 4147 Perfecta
1167 4097 1278 4150 autern

202 4269 223 4302 1.
243 4255 342 4314 Ephes..
365 4267 395 4310 ιν,
416 4268 436 4315 5.
460 4280 490 4290 -
505 4269 527 4303 a.
547 4257 571 4302 11
583 4257 649 4310 Cor..
670 4267 705 4310 ιν,
720 4272 753 4317 13.
771 4281 802 4292 -
817 4272 841 4317 3.
858 4257 932 4304 Cone.
946 4258 1001 4305 Vat.
1021 4259 1105 4306 Consu
1127 4262 1175 4307 Dei
1189 4263 1279 4314 Filius.

166 4335 218 4382 esp
229 4335 250 4381 3.
