3364 4928
408 233 456 319 64
574 247 720 298 marsa.
742 247 868 300 arose.
892 236 912 265 ‘⁴
931 249 1105 300 saurauer
1125 251 1305 302 cousruro
1322 285 1342 312 „

406 429 462 506 cis,
478 449 523 492 ex
538 429 644 512 iisque
654 429 753 492 rebus
763 447 850 511 quae
859 429 902 492 ad
914 428 1117 512 elegantiam
1135 429 1308 494 doctrinae
1323 430 1514 514 artiumque

407 534 610 614 optimarum
641 533 848 596 incrementa
878 532 1056 614 pertinent,
1088 532 1214 597 nullam
1242 554 1262 597 a
1295 534 1415 598 studiis
1445 535 1514 598 suis

407 636 550 700 alienam
567 645 695 720 putent.
723 633 790 700 Sed
808 654 923 698 eorum
945 655 1018 700 esse
1044 636 1213 718 singulare
1238 656 1358 700 munus
1382 637 1513 702 institu-

259 727 383 787 ''lld'''“⁶⁸
408 752 548 824 tumque
558 741 668 816 debet,
683 739 813 804 romani
831 737 1050 804 Pontificatus
1072 741 1144 804 iura
1160 739 1350 820 defendere,
1366 740 1514 824 philoso-

7 799 8 812 ¹
86 817 91 832 ,
175 787 383 846 ,quoaddn

229 848 337 958 cm:
353 847 378 893 S·
407 844 507 926 phiae
530 865 567 909 se
592 865 631 908 ac
656 844 847 926 theologiae
870 843 1003 922 dedere,
1027 844 1129 929 idque
1155 844 1218 909 hac
1240 843 1304 910 sibi
1330 845 1424 912 velut
1439 845 1514 932 lege

154 985 155 988 =
224 966 279 1026 jan·
319 971 382 1036 pre
408 948 576 1032 imposita,
599 957 636 1013 ut
662 948 831 1013 Thomam
855 947 1063 1031 Aquinatem
1094 957 1277 1032 sequantur
1306 950 1340 1014 in
1371 959 1514 1035 utraque

228 1026 383 1144 ssfflfriss
408 1053 567 1119 facultate
594 1054 725 1130 ducem,
756 1053 893 1134 eiusque
923 1051 1112 1117 doctrinam
1143 1053 1327 1136 praecipuo
1364 1056 1514 1137 quodam

229 1145 340 1248 {wa
408 1159 521 1224 studio
532 1156 655 1235 colant,
667 1164 831 1220 tueantur.
858 1153 1074 1238 Quapropter
1090 1156 1152 1219 etsi
1172 1175 1239 1221 non
1265 1175 1381 1222 sumus
1406 1157 1515 1242 ignari

407 1264 545 1328 huiusce
576 1281 634 1324 eos
660 1279 733 1324 csse
760 1260 826 1323 iam
851 1267 1026 1342 compotes
1057 1259 1179 1338 laudis,
1210 1269 1248 1324 ut
1279 1261 1312 1325 in
1347 1262 1516 1346 Angelici,

407 1366 564 1433 Doctoris
590 1363 810 1444 sectatoribus
839 1363 1021 1446 ingeniosis
1056 1374 1090 1429 et
1117 1363 1261 1428 strenuis
1288 1376 1516 1445 numerentur,

406 1472 560 1536 volumus
577 1479 690 1535 tamen
719 1477 763 1544 ut,
788 1467 880 1550 quod
905 1466 1032 1532 alacres
1055 1486 1117 1531 sua
1132 1476 1254 1552 sponte
1270 1467 1406 1548 iaciunt,
1422 1470 1512 1536 idem

406 1577 514 1640 lacere
529 1594 629 1639 suasu
646 1573 804 1654 iussuque
826 1572 953 1636 Nostro
977 1582 1121 1655 pergant
1148 1571 1335 1639 alacriores.
1352 1573 1452 1657 Quod
1468 1577 1513 1640 ad

406 1680 533 1744 fructus
548 1697 678 1742 annuos
693 1686 833 1760 spectat,
848 1696 933 1760 quos
956 1676 1156 1759 scriptorum
1174 1677 1325 1742 attulerit
1341 1678 1515 1759 industria,

407 1780 629 1866 praecipimus
646 1789 683 1846 ut
698 1801 743 1844 ex
758 1780 806 1844 eis
822 1799 964 1857 summa,
980 1799 1038 1844 seu
1054 1780 1298 1862 patrimonium
1309 1779 1515 1860 conficiatur,

275 1868 379 1913 [ΝΜ
406 1889 500 1952 cuius
516 1886 641 1949 reditus
665 1886 697 1948 in
727 1884 903 1949 tuitionem
928 1890 961 1948 et
988 1881 1285 1966 amplificationem
1313 1883 1455 1967 collegii,
1479 1885 1513 1946 in

227 1941 325 1972 annuus
350 1941 379 1972 ex

223 1986 379 2103 2225?de
406 1989 695 2056 conservationem
713 1988 856 2088 aedium,
872 1987 1085 2069 rationesque
1102 1987 1213 2070 operis
1230 1988 1402 2053 universas
1418 1989 1513 2052 addi-

229 2104 380 2176 Colteaio,‚et
406 2103 533 2160 cantur.
561 2091 737 2157 Eiusmodi
764 2091 919 2156 deductis
939 2089 1141 2174 sumptibus,
1180 2091 1398 2175 sepositoque
1421 2092 1512 2175 quod

222 2171 375 2269 ffiff'}
405 2207 563 2280 suppetat
578 2199 611 2261 in
627 2207 781 2279 sumptus
797 2195 963 2272 fortuitos,
977 2195 1004 2258 si
1021 2195 1102 2277 quid
1118 2206 1290 2277 praeterea
1305 2197 1514 2261 redundave-

224 2283 379 2400 ζὲιζζξῆῇ·
404 2302 456 2380 rit,
473 2302 625 2366 volumus
641 2310 677 2364 ut
693 2301 780 2378 inde,
810 2309 945 2363 auctore
969 2299 1162 2381 Praeposito
1177 2299 1335 2383 generali,
1349 2301 1510 2383 quamdiu

227 2402 326 2448 “ldm-
405 2415 595 2488 temporum
626 2404 800 2468 calamitas
830 2401 1059 2485 postulaverit,
1089 2403 1269 2484 provinciis
1301 2422 1321 2466 e
1352 2404 1512 2468 societate

404 2508 532 2584 italicis,
548 2527 631 2590 quas
648 2508 681 2569 in
698 2504 955 2588 suppeditandis
970 2504 1048 2568 huic
1064 2503 1210 2587 collegio
1225 2504 1356 2571 idoneis
1371 2507 1511 2590 scripto-

405 2611 496 2675 ribus
519 2609 671 2674 liberales
695 2629 768 2673 esse
793 2617 936 2691 oportet,
961 2607 1111 2673 subsidia
1140 2608 1364 2691 conserantur,
1379 2610 1511 2694 aliaque

404 2735 466 2797 pro
482 2734 590 2778 rerum
606 2735 646 2778 ac
662 2723 851 2796 temporum
867 2713 1061 2776 conditione
1076 2712 1231 2777 iuventur
1242 2733 1354 2796 opera,
1369 2734 1458 2796 quae
1467 2716 1510 2778 ad

404 2819 545 2901 gloriam
563 2818 638 2895 Dei,
653 2818 696 2882 ad
712 2817 946 2900 proximorum
963 2815 1107 2880 salutem
1124 2815 1327 2899 pertineant,
1357 2837 1513 2901 quaeque

404 2923 447 2988 ab
462 2921 618 2986 instituto
634 2919 765 3003 collegii
782 2939 849 2984 nou
866 2919 934 2983 sint
950 2918 1069 2984 aliena.
1088 2919 1184 2984 Haec
1202 2921 1367 2999 volumus,
1392 2925 1511 2988 statui-

404 3047 488 3104 mus,
503 3025 712 3090 declaramus
728 3025 945 3089 decernentes
961 3023 1022 3086 has
1049 3022 1187 3102 litteras,
1216 3025 1360 3089 Nostras
1390 3023 1513 3101 firmas,

402 3141 502 3208 ratas,
516 3127 669 3194 efficaces
696 3128 744 3192 uti
769 3137 857 3204 sunt,
881 3127 928 3191 ita
953 3127 987 3190 in
1016 3138 1187 3210 posterum
1217 3148 1462 3212 permansuras,
1478 3139 1512 3194 et

404 3236 531 3299 irritum
548 3245 649 3317 atque
665 3234 764 3297 inane
779 3251 861 3308 csse,
875 3231 903 3294 si
919 3231 1001 3314 quid
1017 3251 1036 3293 a
1050 3251 1220 3315 quoquam
1234 3243 1351 3298 contra
1367 3253 1423 3296 eas
1433 3252 1512 3297 con-

404 3339 515 3421 tigerit
532 3337 700 3414 attentari,
715 3335 888 3400 contrariis
913 3354 979 3398 non
1004 3334 1220 3402 obstantibus
1237 3337 1513 3421 quibuscumque.

449 3441 577 3504 Datum
604 3439 735 3503 Romae
760 3439 851 3521 apud
879 3437 914 3503 S.
940 3438 1076 3502 Petrum
1104 3440 1167 3506 sub
1198 3439 1300 3505 anulo
1334 3441 1515 3504 Piscatoris

405 3543 460 3608 die
476 3546 495 3608 8
513 3543 589 3607 Iulii
610 3545 701 3625 1890,
719 3541 936 3607 Pontificatus
952 3541 1068 3605 Nostri
1085 3563 1175 3607 anno
1191 3537 1323 3607 decimo
1339 3545 1446 3608 tertio

808 3736 853 3800 M.
870 3735 985 3801 Cnau.
1002 3733 1382 3803 LEDOCHOWSKI.
