<?xml version="1.0" encoding="UTF-8"?>
<!DOCTYPE html PUBLIC "-//W3C//DTD XHTML 1.0 Transitional//EN"
    "http://www.w3.org/TR/xhtml1/DTD/xhtml1-transitional.dtd">
<html xmlns="http://www.w3.org/1999/xhtml" xml:lang="en" lang="en">
 <head>
  <title>
</title>
<meta http-equiv="Content-Type" content="text/html;charset=utf-8" />
  <meta name='ocr-system' content='tesseract 3.04.00' />
  <meta name='ocr-capabilities' content='ocr_page ocr_carea ocr_par ocr_line ocrx_word'/>
</head>
<body>
  <div class='ocr_page' id='page_1' title='image "./sanctissimidomi02xiiigoog_0243.png"; bbox 0 0 3354 4938; ppageno 0'>
   <div class='ocr_carea' id='block_1_1' title="bbox 281 286 1310 376">
    <p class='ocr_par' dir='ltr' id='par_1_1' title="bbox 281 286 1310 376">
     <span class='ocr_line' id='line_1_1' title="bbox 281 286 1310 376; baseline 0.001 -22"><span class='ocrx_word' id='word_1_1' title='bbox 281 286 282 295; x_wconf 76' lang='grc'>’</span> <span class='ocrx_word' id='word_1_2' title='bbox 396 290 469 376; x_wconf 87' lang='lat'>236</span> <span class='ocrx_word' id='word_1_3' title='bbox 586 302 732 355; x_wconf 75' lang='lat' dir='ltr'>urrann.</span> <span class='ocrx_word' id='word_1_4' title='bbox 754 303 881 356; x_wconf 76' lang='lat' dir='ltr'>nuosu.</span> <span class='ocrx_word' id='word_1_5' title='bbox 905 292 925 322; x_wconf 80' lang='lat'>‘¹</span> <span class='ocrx_word' id='word_1_6' title='bbox 945 304 1122 356; x_wconf 79' lang='lat' dir='ltr'>1nnuo1u</span> <span class='ocrx_word' id='word_1_7' title='bbox 1142 304 1310 366; x_wconf 75' lang='lat' dir='ltr'>emme..</span> 
     </span>
    </p>
   </div>
   <div class='ocr_carea' id='block_1_2' title="bbox 389 477 1502 4401">
    <p class='ocr_par' dir='ltr' id='par_1_2' title="bbox 389 477 1502 4401">
     <span class='ocr_line' id='line_1_2' title="bbox 392 477 1502 562; baseline 0.001 -22"><span class='ocrx_word' id='word_1_8' title='bbox 392 483 471 557; x_wconf 88' lang='lat' dir='ltr'>ptae</span> <span class='ocrx_word' id='word_1_9' title='bbox 497 477 730 543; x_wconf 88' lang='lat' dir='ltr'>adiudicentur</span> <span class='ocrx_word' id='word_1_10' title='bbox 761 477 941 562; x_wconf 85' lang='lat' dir='ltr'>paroeciae,</span> <span class='ocrx_word' id='word_1_11' title='bbox 972 478 1077 543; x_wconf 88' lang='lat' dir='ltr'>altera</span> <span class='ocrx_word' id='word_1_12' title='bbox 1102 478 1258 544; x_wconf 85' lang='lat' dir='ltr'>videlicet</span> <span class='ocrx_word' id='word_1_13' title='bbox 1288 479 1502 561; x_wconf 89' lang='lat' dir='ltr'>Acaponeta,</span> 
     </span>
     <span class='ocr_line' id='line_1_3' title="bbox 391 575 1502 666; baseline 0.006 -26"><span class='ocrx_word' id='word_1_14' title='bbox 391 575 495 642; x_wconf 82' lang='lat' dir='ltr'>altera</span> <span class='ocrx_word' id='word_1_15' title='bbox 513 579 736 660; x_wconf 84' lang='lat' dir='ltr'>Ahuacatlan,</span> <span class='ocrx_word' id='word_1_16' title='bbox 752 581 857 648; x_wconf 88' lang='lat' dir='ltr'>altera</span> <span class='ocrx_word' id='word_1_17' title='bbox 873 580 1110 666; x_wconf 89' lang='lat' dir='ltr'>Compostella,</span> <span class='ocrx_word' id='word_1_18' title='bbox 1125 582 1229 646; x_wconf 89' lang='lat' dir='ltr'>altera</span> <span class='ocrx_word' id='word_1_19' title='bbox 1247 581 1380 657; x_wconf 87' lang='lat' dir='ltr'>Fatlan,</span> <span class='ocrx_word' id='word_1_20' title='bbox 1396 582 1502 647; x_wconf 88' lang='lat' dir='ltr'>altera</span> 
     </span>
     <span class='ocr_line' id='line_1_4' title="bbox 391 678 1502 765; baseline 0.005 -22"><span class='ocrx_word' id='word_1_21' title='bbox 391 678 483 759; x_wconf 88' lang='lat' dir='ltr'>Fala,</span> <span class='ocrx_word' id='word_1_22' title='bbox 498 681 603 746; x_wconf 89' lang='lat' dir='ltr'>altera</span> <span class='ocrx_word' id='word_1_23' title='bbox 631 683 777 765; x_wconf 88' lang='lat' dir='ltr'>Falisc0,</span> <span class='ocrx_word' id='word_1_24' title='bbox 792 685 895 750; x_wconf 89' lang='lat' dir='ltr'>altera</span> <span class='ocrx_word' id='word_1_25' title='bbox 921 687 1013 750; x_wconf 90' lang='lat' dir='ltr'>Rosa</span> <span class='ocrx_word' id='word_1_26' title='bbox 1035 685 1186 764; x_wconf 89' lang='lat' dir='ltr'>Morada,</span> <span class='ocrx_word' id='word_1_27' title='bbox 1201 685 1306 750; x_wconf 88' lang='lat' dir='ltr'>altera</span> <span class='ocrx_word' id='word_1_28' title='bbox 1322 684 1394 752; x_wconf 87' lang='lat' dir='ltr'>San</span> <span class='ocrx_word' id='word_1_29' title='bbox 1412 685 1502 762; x_wconf 90' lang='lat' dir='ltr'>Blas,</span> 
     </span>
     <span class='ocr_line' id='line_1_5' title="bbox 390 781 1502 874; baseline 0.004 -27"><span class='ocrx_word' id='word_1_30' title='bbox 390 781 495 848; x_wconf 89' lang='lat' dir='ltr'>altera</span> <span class='ocrx_word' id='word_1_31' title='bbox 523 785 630 852; x_wconf 85' lang='lat' dir='ltr'>Santa</span> <span class='ocrx_word' id='word_1_32' title='bbox 647 788 756 854; x_wconf 89' lang='lat' dir='ltr'>Maria</span> <span class='ocrx_word' id='word_1_33' title='bbox 777 789 831 854; x_wconf 92' lang='lat' dir='ltr'>del</span> <span class='ocrx_word' id='word_1_34' title='bbox 848 789 928 867; x_wconf 91' lang='lat' dir='ltr'>Oro,</span> <span class='ocrx_word' id='word_1_35' title='bbox 950 788 1055 854; x_wconf 87' lang='lat' dir='ltr'>altera</span> <span class='ocrx_word' id='word_1_36' title='bbox 1071 789 1245 873; x_wconf 86' lang='lat' dir='ltr'>Santiago,</span> <span class='ocrx_word' id='word_1_37' title='bbox 1259 791 1366 856; x_wconf 87' lang='lat' dir='ltr'>altera</span> <span class='ocrx_word' id='word_1_38' title='bbox 1384 790 1502 874; x_wconf 89' lang='lat' dir='ltr'>Tepic,</span> 
     </span>
     <span class='ocr_line' id='line_1_6' title="bbox 390 885 1502 978; baseline 0.009 -28"><span class='ocrx_word' id='word_1_39' title='bbox 390 885 495 953; x_wconf 89' lang='lat' dir='ltr'>altera</span> <span class='ocrx_word' id='word_1_40' title='bbox 511 889 668 973; x_wconf 81' lang='lat' dir='ltr'>Fuxpon,</span> <span class='ocrx_word' id='word_1_41' title='bbox 692 894 798 958; x_wconf 88' lang='lat' dir='ltr'>altera</span> <span class='ocrx_word' id='word_1_42' title='bbox 813 894 1067 978; x_wconf 89' lang='lat' dir='ltr'>Guachinango,</span> <span class='ocrx_word' id='word_1_43' title='bbox 1093 894 1198 960; x_wconf 89' lang='lat' dir='ltr'>altera</span> <span class='ocrx_word' id='word_1_44' title='bbox 1214 895 1378 972; x_wconf 87' lang='lat' dir='ltr'>Mascota,</span> <span class='ocrx_word' id='word_1_45' title='bbox 1394 895 1502 960; x_wconf 88' lang='lat' dir='ltr'>altera</span> 
     </span>
     <span class='ocr_line' id='line_1_7' title="bbox 391 991 1502 1084; baseline 0.003 -25"><span class='ocrx_word' id='word_1_46' title='bbox 391 991 461 1059; x_wconf 89' lang='lat' dir='ltr'>San</span> <span class='ocrx_word' id='word_1_47' title='bbox 490 993 692 1063; x_wconf 82' lang='lat' dir='ltr'>Sebastiano</span> <span class='ocrx_word' id='word_1_48' title='bbox 718 1018 757 1064; x_wconf 92' lang='lat' dir='ltr'>ac</span> <span class='ocrx_word' id='word_1_49' title='bbox 783 999 911 1084; x_wconf 89' lang='lat' dir='ltr'>reliqua</span> <span class='ocrx_word' id='word_1_50' title='bbox 935 999 1043 1083; x_wconf 89' lang='lat' dir='ltr'>Talpa</span> <span class='ocrx_word' id='word_1_51' title='bbox 1067 1000 1249 1084; x_wconf 81' lang='lat' dir='ltr'>respective</span> <span class='ocrx_word' id='word_1_52' title='bbox 1275 1009 1502 1082; x_wconf 78' lang='lat' dir='ltr'>nuncupatae,</span> 
     </span>
     <span class='ocr_line' id='line_1_8' title="bbox 391 1098 1501 1187; baseline 0.005 -27"><span class='ocrx_word' id='word_1_53' title='bbox 391 1115 536 1163; x_wconf 87' lang='lat' dir='ltr'>necnon</span> <span class='ocrx_word' id='word_1_54' title='bbox 553 1098 783 1186; x_wconf 79' lang='lat' dir='ltr'>infrascriptae</span> <span class='ocrx_word' id='word_1_55' title='bbox 801 1104 1013 1187; x_wconf 84' lang='lat' dir='ltr'>assignentur</span> <span class='ocrx_word' id='word_1_56' title='bbox 1027 1104 1179 1184; x_wconf 87' lang='lat' dir='ltr'>vicariae,</span> <span class='ocrx_word' id='word_1_57' title='bbox 1193 1103 1350 1169; x_wconf 86' lang='lat' dir='ltr'>videlicet</span> <span class='ocrx_word' id='word_1_58' title='bbox 1367 1103 1501 1186; x_wconf 87' lang='lat' dir='ltr'>Huagi·</span> 
     </span>
     <span class='ocr_line' id='line_1_9' title="bbox 391 1201 1502 1290; baseline 0.005 -27"><span class='ocrx_word' id='word_1_59' title='bbox 391 1202 469 1279; x_wconf 90' lang='lat' dir='ltr'>cori,</span> <span class='ocrx_word' id='word_1_60' title='bbox 496 1201 710 1287; x_wconf 86' lang='lat' dir='ltr'>Laquavillas</span> <span class='ocrx_word' id='word_1_61' title='bbox 726 1229 749 1289; x_wconf 92' lang='lat' dir='ltr'>y</span> <span class='ocrx_word' id='word_1_62' title='bbox 766 1207 799 1272; x_wconf 93' lang='lat' dir='ltr'>S.</span> <span class='ocrx_word' id='word_1_63' title='bbox 814 1207 902 1290; x_wconf 71' lang='lat' dir='ltr'>Jose,</span> <span class='ocrx_word' id='word_1_64' title='bbox 919 1206 1090 1283; x_wconf 68' lang='lat' dir='ltr'>Cacaluta</span> <span class='ocrx_word' id='word_1_65' title='bbox 1116 1206 1185 1273; x_wconf 90' lang='lat' dir='ltr'>San</span> <span class='ocrx_word' id='word_1_66' title='bbox 1210 1205 1300 1284; x_wconf 91' lang='lat' dir='ltr'>Luis,</span> <span class='ocrx_word' id='word_1_67' title='bbox 1324 1203 1502 1282; x_wconf 87' lang='lat' dir='ltr'>Falcotan,</span> 
     </span>
     <span class='ocr_line' id='line_1_10' title="bbox 391 1297 1501 1392; baseline 0.005 -27"><span class='ocrx_word' id='word_1_68' title='bbox 391 1297 461 1366; x_wconf 89' lang='lat' dir='ltr'>San</span> <span class='ocrx_word' id='word_1_69' title='bbox 488 1302 612 1384; x_wconf 87' lang='lat' dir='ltr'>Leone,</span> <span class='ocrx_word' id='word_1_70' title='bbox 639 1307 803 1392; x_wconf 85' lang='lat' dir='ltr'>Zopilote,</span> <span class='ocrx_word' id='word_1_71' title='bbox 830 1310 937 1376; x_wconf 86' lang='lat' dir='ltr'>Santa</span> <span class='ocrx_word' id='word_1_72' title='bbox 968 1308 1054 1375; x_wconf 88' lang='lat' dir='ltr'>Cruz</span> <span class='ocrx_word' id='word_1_73' title='bbox 1078 1331 1102 1392; x_wconf 88' lang='lat' dir='ltr'>y</span> <span class='ocrx_word' id='word_1_74' title='bbox 1125 1308 1277 1392; x_wconf 88' lang='lat' dir='ltr'>Nayarit,</span> <span class='ocrx_word' id='word_1_75' title='bbox 1309 1306 1501 1391; x_wconf 87' lang='lat' dir='ltr'>Sontispac‚</span> 
     </span>
     <span class='ocr_line' id='line_1_11' title="bbox 392 1404 1501 1500; baseline 0.007 -32"><span class='ocrx_word' id='word_1_76' title='bbox 392 1404 598 1490; x_wconf 87' lang='lat' dir='ltr'>Anteguillo,</span> <span class='ocrx_word' id='word_1_77' title='bbox 623 1409 737 1490; x_wconf 87' lang='lat' dir='ltr'>Cuale,</span> <span class='ocrx_word' id='word_1_78' title='bbox 768 1414 836 1480; x_wconf 90' lang='lat' dir='ltr'>Los</span> <span class='ocrx_word' id='word_1_79' title='bbox 864 1413 984 1500; x_wconf 89' lang='lat' dir='ltr'>Reyes,</span> <span class='ocrx_word' id='word_1_80' title='bbox 1010 1422 1044 1479; x_wconf 89' lang='lat' dir='ltr'>et</span> <span class='ocrx_word' id='word_1_81' title='bbox 1072 1413 1256 1478; x_wconf 89' lang='lat' dir='ltr'>Bramador</span> <span class='ocrx_word' id='word_1_82' title='bbox 1279 1413 1336 1477; x_wconf 88' lang='lat' dir='ltr'>:in</span> <span class='ocrx_word' id='word_1_83' title='bbox 1363 1411 1501 1476; x_wconf 85' lang='lat' dir='ltr'>civitate</span> 
     </span>
     <span class='ocr_line' id='line_1_12' title="bbox 389 1509 1499 1603; baseline 0.005 -30"><span class='ocrx_word' id='word_1_84' title='bbox 389 1509 470 1575; x_wconf 91' lang='lat' dir='ltr'>dicti</span> <span class='ocrx_word' id='word_1_85' title='bbox 487 1514 642 1580; x_wconf 89' lang='lat' dir='ltr'>territorii</span> <span class='ocrx_word' id='word_1_86' title='bbox 659 1515 817 1601; x_wconf 88' lang='lat' dir='ltr'>principe,</span> <span class='ocrx_word' id='word_1_87' title='bbox 839 1538 938 1603; x_wconf 90' lang='lat' dir='ltr'>quarn</span> <span class='ocrx_word' id='word_1_88' title='bbox 963 1517 1068 1602; x_wconf 89' lang='lat' dir='ltr'>Tepic</span> <span class='ocrx_word' id='word_1_89' title='bbox 1091 1517 1274 1601; x_wconf 88' lang='lat' dir='ltr'>appellant,</span> <span class='ocrx_word' id='word_1_90' title='bbox 1299 1515 1376 1580; x_wconf 89' lang='lat' dir='ltr'>novi</span> <span class='ocrx_word' id='word_1_91' title='bbox 1398 1515 1499 1579; x_wconf 90' lang='lat' dir='ltr'>huius</span> 
     </span>
     <span class='ocr_line' id='line_1_13' title="bbox 389 1613 1500 1704; baseline 0.005 -26"><span class='ocrx_word' id='word_1_92' title='bbox 389 1613 602 1701; x_wconf 83' lang='lat' dir='ltr'>episcopatus</span> <span class='ocrx_word' id='word_1_93' title='bbox 634 1622 730 1686; x_wconf 89' lang='lat' dir='ltr'>sedes</span> <span class='ocrx_word' id='word_1_94' title='bbox 760 1633 795 1690; x_wconf 92' lang='lat' dir='ltr'>et</span> <span class='ocrx_word' id='word_1_95' title='bbox 828 1623 987 1689; x_wconf 86' lang='lat' dir='ltr'>cathedra</span> <span class='ocrx_word' id='word_1_96' title='bbox 1016 1623 1060 1688; x_wconf 91' lang='lat' dir='ltr'>sit</span> <span class='ocrx_word' id='word_1_97' title='bbox 1093 1623 1286 1699; x_wconf 88' lang='lat' dir='ltr'>constituta,</span> <span class='ocrx_word' id='word_1_98' title='bbox 1316 1639 1424 1704; x_wconf 88' lang='lat' dir='ltr'>eaque</span> <span class='ocrx_word' id='word_1_99' title='bbox 1455 1618 1500 1684; x_wconf 90' lang='lat' dir='ltr'>sit</span> 
     </span>
     <span class='ocr_line' id='line_1_14' title="bbox 389 1717 1499 1811; baseline 0.005 -29"><span class='ocrx_word' id='word_1_100' title='bbox 389 1717 530 1784; x_wconf 88' lang='lat' dir='ltr'>ecclesia</span> <span class='ocrx_word' id='word_1_101' title='bbox 546 1723 755 1805; x_wconf 87' lang='lat' dir='ltr'>cathedralis,</span> <span class='ocrx_word' id='word_1_102' title='bbox 776 1747 862 1811; x_wconf 89' lang='lat' dir='ltr'>quae</span> <span class='ocrx_word' id='word_1_103' title='bbox 878 1727 1003 1792; x_wconf 89' lang='lat' dir='ltr'>Beatae</span> <span class='ocrx_word' id='word_1_104' title='bbox 1020 1727 1148 1792; x_wconf 88' lang='lat' dir='ltr'>Mariae</span> <span class='ocrx_word' id='word_1_105' title='bbox 1163 1725 1296 1810; x_wconf 82' lang='lat' dir='ltr'>Virgini</span> <span class='ocrx_word' id='word_1_106' title='bbox 1313 1725 1346 1790; x_wconf 92' lang='lat' dir='ltr'>in</span> <span class='ocrx_word' id='word_1_107' title='bbox 1366 1725 1499 1788; x_wconf 91' lang='lat' dir='ltr'>caelum</span> 
     </span>
     <span class='ocr_line' id='line_1_15' title="bbox 392 1821 1500 1916; baseline 0.005 -30"><span class='ocrx_word' id='word_1_108' title='bbox 392 1821 599 1909; x_wconf 87' lang='lat' dir='ltr'>Assumptae</span> <span class='ocrx_word' id='word_1_109' title='bbox 630 1829 672 1894; x_wconf 89' lang='lat' dir='ltr'>ad</span> <span class='ocrx_word' id='word_1_110' title='bbox 703 1851 860 1914; x_wconf 88' lang='lat' dir='ltr'>praesens</span> <span class='ocrx_word' id='word_1_111' title='bbox 890 1833 1000 1897; x_wconf 88' lang='lat' dir='ltr'>dicata</span> <span class='ocrx_word' id='word_1_112' title='bbox 1032 1831 1200 1916; x_wconf 90' lang='lat' dir='ltr'>reperitur.</span> <span class='ocrx_word' id='word_1_113' title='bbox 1230 1829 1381 1896; x_wconf 87' lang='lat' dir='ltr'>Alterius</span> <span class='ocrx_word' id='word_1_114' title='bbox 1418 1846 1500 1892; x_wconf 90' lang='lat' dir='ltr'>vero</span> 
     </span>
     <span class='ocr_line' id='line_1_16' title="bbox 391 1927 1498 2013; baseline 0.003 -21"><span class='ocrx_word' id='word_1_115' title='bbox 391 1927 592 2013; x_wconf 85' lang='lat' dir='ltr'>episcopalis</span> <span class='ocrx_word' id='word_1_116' title='bbox 615 1931 775 2000; x_wconf 87' lang='lat' dir='ltr'>ecclesiae</span> <span class='ocrx_word' id='word_1_117' title='bbox 796 1937 839 2000; x_wconf 89' lang='lat' dir='ltr'>de</span> <span class='ocrx_word' id='word_1_118' title='bbox 866 1935 1080 2002; x_wconf 88' lang='lat' dir='ltr'>Cuernavaca</span> <span class='ocrx_word' id='word_1_119' title='bbox 1107 1937 1220 2000; x_wconf 90' lang='lat' dir='ltr'>sedem</span> <span class='ocrx_word' id='word_1_120' title='bbox 1244 1943 1278 1998; x_wconf 88' lang='lat' dir='ltr'>et</span> <span class='ocrx_word' id='word_1_121' title='bbox 1302 1932 1498 1998; x_wconf 88' lang='lat' dir='ltr'>cathedram</span> 
     </span>
     <span class='ocr_line' id='line_1_17' title="bbox 390 2032 1499 2132; baseline 0.005 -38"><span class='ocrx_word' id='word_1_122' title='bbox 390 2032 597 2117; x_wconf 84' lang='lat' dir='ltr'>episcopales</span> <span class='ocrx_word' id='word_1_123' title='bbox 622 2038 657 2102; x_wconf 90' lang='lat' dir='ltr'>in</span> <span class='ocrx_word' id='word_1_124' title='bbox 682 2040 828 2116; x_wconf 89' lang='lat' dir='ltr'>civitate,</span> <span class='ocrx_word' id='word_1_125' title='bbox 854 2042 906 2104; x_wconf 91' lang='lat' dir='ltr'>cui</span> <span class='ocrx_word' id='word_1_126' title='bbox 934 2042 1023 2107; x_wconf 87' lang='lat' dir='ltr'>idem</span> <span class='ocrx_word' id='word_1_127' title='bbox 1053 2040 1170 2105; x_wconf 91' lang='lat' dir='ltr'>titulus</span> <span class='ocrx_word' id='word_1_128' title='bbox 1199 2039 1242 2104; x_wconf 89' lang='lat' dir='ltr'>de</span> <span class='ocrx_word' id='word_1_129' title='bbox 1273 2036 1499 2132; x_wconf 84' lang='lat' dir='ltr'>Cuemavaca,</span> 
     </span>
     <span class='ocr_line' id='line_1_18' title="bbox 390 2136 1497 2224; baseline 0.004 -25"><span class='ocrx_word' id='word_1_130' title='bbox 390 2136 626 2205; x_wconf 89' lang='lat' dir='ltr'>constituimus</span> <span class='ocrx_word' id='word_1_131' title='bbox 642 2151 676 2207; x_wconf 89' lang='lat' dir='ltr'>et</span> <span class='ocrx_word' id='word_1_132' title='bbox 699 2142 873 2208; x_wconf 91' lang='lat' dir='ltr'>ecclesiam</span> <span class='ocrx_word' id='word_1_133' title='bbox 889 2145 999 2208; x_wconf 88' lang='lat' dir='ltr'>eidem</span> <span class='ocrx_word' id='word_1_134' title='bbox 1016 2143 1140 2208; x_wconf 87' lang='lat' dir='ltr'>Beatae</span> <span class='ocrx_word' id='word_1_135' title='bbox 1160 2141 1288 2208; x_wconf 88' lang='lat' dir='ltr'>Mariae</span> <span class='ocrx_word' id='word_1_136' title='bbox 1302 2140 1436 2224; x_wconf 87' lang='lat' dir='ltr'>Virgini</span> <span class='ocrx_word' id='word_1_137' title='bbox 1452 2139 1497 2204; x_wconf 88' lang='lat' dir='ltr'>ad</span> 
     </span>
     <span class='ocr_line' id='line_1_19' title="bbox 390 2239 1497 2331; baseline 0.003 -27"><span class='ocrx_word' id='word_1_138' title='bbox 390 2239 520 2305; x_wconf 87' lang='lat' dir='ltr'>caelum</span> <span class='ocrx_word' id='word_1_139' title='bbox 530 2242 739 2330; x_wconf 88' lang='lat' dir='ltr'>Assumptae</span> <span class='ocrx_word' id='word_1_140' title='bbox 754 2247 877 2331; x_wconf 87' lang='lat' dir='ltr'>pariter</span> <span class='ocrx_word' id='word_1_141' title='bbox 892 2267 1020 2313; x_wconf 89' lang='lat' dir='ltr'>sacram</span> <span class='ocrx_word' id='word_1_142' title='bbox 1037 2246 1262 2314; x_wconf 86' lang='lat' dir='ltr'>cathedralem</span> <span class='ocrx_word' id='word_1_143' title='bbox 1278 2244 1497 2312; x_wconf 75' lang='lat' dir='ltr'>declaramus</span> 
     </span>
     <span class='ocr_line' id='line_1_20' title="bbox 393 2343 1498 2437; baseline 0 -29"><span class='ocrx_word' id='word_1_144' title='bbox 393 2343 484 2410; x_wconf 88' lang='lat' dir='ltr'>Huic</span> <span class='ocrx_word' id='word_1_145' title='bbox 499 2367 598 2428; x_wconf 91' lang='lat' dir='ltr'>porro</span> <span class='ocrx_word' id='word_1_146' title='bbox 613 2350 686 2414; x_wconf 88' lang='lat' dir='ltr'>sedi</span> <span class='ocrx_word' id='word_1_147' title='bbox 701 2350 883 2437; x_wconf 89' lang='lat' dir='ltr'>episcopali</span> <span class='ocrx_word' id='word_1_148' title='bbox 899 2353 942 2417; x_wconf 94' lang='lat' dir='ltr'>de</span> <span class='ocrx_word' id='word_1_149' title='bbox 958 2351 1173 2418; x_wconf 87' lang='lat' dir='ltr'>Cuernavaca</span> <span class='ocrx_word' id='word_1_150' title='bbox 1188 2371 1249 2436; x_wconf 91' lang='lat' dir='ltr'>pro</span> <span class='ocrx_word' id='word_1_151' title='bbox 1276 2369 1335 2414; x_wconf 89' lang='lat' dir='ltr'>sua</span> <span class='ocrx_word' id='word_1_152' title='bbox 1351 2343 1498 2412; x_wconf 89' lang='lat' dir='ltr'>dioecesi</span> 
     </span>
     <span class='ocr_line' id='line_1_21' title="bbox 391 2448 1497 2539; baseline 0 -27"><span class='ocrx_word' id='word_1_153' title='bbox 391 2448 602 2530; x_wconf 86' lang='lat' dir='ltr'>assignamus</span> <span class='ocrx_word' id='word_1_154' title='bbox 618 2461 743 2517; x_wconf 91' lang='lat' dir='ltr'>statum</span> <span class='ocrx_word' id='word_1_155' title='bbox 760 2455 803 2518; x_wconf 90' lang='lat' dir='ltr'>de</span> <span class='ocrx_word' id='word_1_156' title='bbox 820 2455 967 2519; x_wconf 90' lang='lat' dir='ltr'>Morelos</span> <span class='ocrx_word' id='word_1_157' title='bbox 983 2463 1221 2539; x_wconf 89' lang='lat' dir='ltr'>nuncupatum,</span> <span class='ocrx_word' id='word_1_158' title='bbox 1236 2454 1294 2539; x_wconf 91' lang='lat' dir='ltr'>qui</span> <span class='ocrx_word' id='word_1_159' title='bbox 1312 2473 1374 2518; x_wconf 86' lang='lat' dir='ltr'>sex</span> <span class='ocrx_word' id='word_1_160' title='bbox 1391 2449 1497 2513; x_wconf 89' lang='lat' dir='ltr'>habet</span> 
     </span>
     <span class='ocr_line' id='line_1_22' title="bbox 391 2551 1498 2643; baseline -0.001 -26"><span class='ocrx_word' id='word_1_161' title='bbox 391 2552 560 2618; x_wconf 84' lang='lat' dir='ltr'>districtus</span> <span class='ocrx_word' id='word_1_162' title='bbox 576 2575 662 2638; x_wconf 86' lang='lat' dir='ltr'>quos</span> <span class='ocrx_word' id='word_1_163' title='bbox 677 2557 721 2622; x_wconf 90' lang='lat' dir='ltr'>ab</span> <span class='ocrx_word' id='word_1_164' title='bbox 734 2558 1035 2643; x_wconf 88' lang='lat' dir='ltr'>Archiepiscopatu</span> <span class='ocrx_word' id='word_1_165' title='bbox 1052 2558 1233 2630; x_wconf 86' lang='lat' dir='ltr'>Mexicano</span> <span class='ocrx_word' id='word_1_166' title='bbox 1246 2558 1287 2623; x_wconf 90' lang='lat' dir='ltr'>ad</span> <span class='ocrx_word' id='word_1_167' title='bbox 1304 2551 1498 2620; x_wconf 90' lang='lat' dir='ltr'>huiusmodi</span> 
     </span>
     <span class='ocr_line' id='line_1_23' title="bbox 391 2651 1499 2745; baseline 0.005 -29"><span class='ocrx_word' id='word_1_168' title='bbox 391 2651 548 2720; x_wconf 82' lang='lat' dir='ltr'>effectum</span> <span class='ocrx_word' id='word_1_169' title='bbox 579 2659 794 2744; x_wconf 87' lang='lat' dir='ltr'>seiungimus,</span> <span class='ocrx_word' id='word_1_170' title='bbox 821 2681 942 2745; x_wconf 88' lang='lat' dir='ltr'>nempe</span> <span class='ocrx_word' id='word_1_171' title='bbox 968 2663 1138 2745; x_wconf 85' lang='lat' dir='ltr'>paroecias</span> <span class='ocrx_word' id='word_1_172' title='bbox 1165 2660 1310 2727; x_wconf 89' lang='lat' dir='ltr'>Cuantla</span> <span class='ocrx_word' id='word_1_173' title='bbox 1341 2658 1499 2734; x_wconf 84' lang='lat' dir='ltr'>Morelos,</span> 
     </span>
     <span class='ocr_line' id='line_1_24' title="bbox 392 2757 1500 2851; baseline 0.005 -31"><span class='ocrx_word' id='word_1_174' title='bbox 392 2757 1500 2851; x_wconf 84' lang='lat' dir='ltr'>Yecapixtla,Yantepec,Flatizapam‚Flalquiltenango‚Yojutla,</span> 
     </span>
     <span class='ocr_line' id='line_1_25' title="bbox 392 2861 1498 2954; baseline 0.002 -28"><span class='ocrx_word' id='word_1_175' title='bbox 392 2861 619 2946; x_wconf 89' lang='lat' dir='ltr'>Tlayacapan,</span> <span class='ocrx_word' id='word_1_176' title='bbox 635 2865 836 2952; x_wconf 85' lang='lat' dir='ltr'>Totolapan,</span> <span class='ocrx_word' id='word_1_177' title='bbox 852 2869 1098 2954; x_wconf 87' lang='lat' dir='ltr'>Tlalnepantla,</span> <span class='ocrx_word' id='word_1_178' title='bbox 1125 2869 1329 2946; x_wconf 89' lang='lat' dir='ltr'>Cuantenca,</span> <span class='ocrx_word' id='word_1_179' title='bbox 1351 2865 1498 2932; x_wconf 85' lang='lat' dir='ltr'>Atlatla·</span> 
     </span>
     <span class='ocr_line' id='line_1_26' title="bbox 392 2962 1498 3057; baseline 0.005 -32"><span class='ocrx_word' id='word_1_180' title='bbox 392 2962 511 3044; x_wconf 88' lang='lat' dir='ltr'>hucan,</span> <span class='ocrx_word' id='word_1_181' title='bbox 527 2966 714 3054; x_wconf 86' lang='lat' dir='ltr'>Oaxtepec,</span> <span class='ocrx_word' id='word_1_182' title='bbox 733 2971 958 3057; x_wconf 90' lang='lat' dir='ltr'>Humiltepec,</span> <span class='ocrx_word' id='word_1_183' title='bbox 976 2969 1323 3056; x_wconf 86' lang='lat' dir='ltr'>Archichipo,·Tetela</span> <span class='ocrx_word' id='word_1_184' title='bbox 1346 2969 1400 3034; x_wconf 91' lang='lat' dir='ltr'>del</span> <span class='ocrx_word' id='word_1_185' title='bbox 1416 2967 1498 3034; x_wconf 91' lang='lat' dir='ltr'>Vol-</span> 
     </span>
     <span class='ocr_line' id='line_1_27' title="bbox 392 3069 1501 3162; baseline 0.004 -30"><span class='ocrx_word' id='word_1_186' title='bbox 392 3087 463 3147; x_wconf 90' lang='lat' dir='ltr'>can,</span> <span class='ocrx_word' id='word_1_187' title='bbox 499 3069 695 3157; x_wconf 86' lang='lat' dir='ltr'>Jonatepec,</span> <span class='ocrx_word' id='word_1_188' title='bbox 732 3076 949 3161; x_wconf 85' lang='lat' dir='ltr'>Tepalcingo,</span> <span class='ocrx_word' id='word_1_189' title='bbox 985 3077 1263 3162; x_wconf 87' lang='lat' dir='ltr'>Atlacahualoya,</span> <span class='ocrx_word' id='word_1_190' title='bbox 1300 3073 1501 3157; x_wconf 90' lang='lat' dir='ltr'>Jantetelco,</span> 
     </span>
     <span class='ocr_line' id='line_1_28' title="bbox 393 3171 1501 3266; baseline 0.005 -30"><span class='ocrx_word' id='word_1_191' title='bbox 393 3171 596 3260; x_wconf 89' lang='lat' dir='ltr'>Facualpan,</span> <span class='ocrx_word' id='word_1_192' title='bbox 623 3177 780 3266; x_wconf 89' lang='lat' dir='ltr'>Amilpas</span> <span class='ocrx_word' id='word_1_193' title='bbox 804 3181 977 3260; x_wconf 89' lang='lat' dir='ltr'>Oacituco,</span> <span class='ocrx_word' id='word_1_194' title='bbox 1004 3181 1229 3260; x_wconf 88' lang='lat' dir='ltr'>Cuernavaca,</span> <span class='ocrx_word' id='word_1_195' title='bbox 1256 3178 1501 3260; x_wconf 82' lang='lat' dir='ltr'>Oxochitepec,</span> 
     </span>
     <span class='ocr_line' id='line_1_29' title="bbox 393 3275 1502 3363; baseline 0.004 -24"><span class='ocrx_word' id='word_1_196' title='bbox 393 3275 674 3362; x_wconf 86' lang='lat' dir='ltr'>Amatepeccum</span> <span class='ocrx_word' id='word_1_197' title='bbox 701 3283 769 3348; x_wconf 85' lang='lat' dir='ltr'>suis</span> <span class='ocrx_word' id='word_1_198' title='bbox 795 3285 902 3349; x_wconf 86' lang='lat' dir='ltr'>tribus</span> <span class='ocrx_word' id='word_1_199' title='bbox 917 3284 1055 3363; x_wconf 90' lang='lat' dir='ltr'>vicariis,</span> <span class='ocrx_word' id='word_1_200' title='bbox 1071 3283 1241 3361; x_wconf 86' lang='lat' dir='ltr'>Tetecula,</span> <span class='ocrx_word' id='word_1_201' title='bbox 1258 3281 1442 3348; x_wconf 88' lang='lat' dir='ltr'>Miacatlan</span> <span class='ocrx_word' id='word_1_202' title='bbox 1465 3289 1502 3344; x_wconf 89' lang='lat' dir='ltr'>et</span> 
     </span>
     <span class='ocr_line' id='line_1_30' title="bbox 394 3379 1502 3472; baseline 0.005 -30"><span class='ocrx_word' id='word_1_203' title='bbox 394 3379 547 3462; x_wconf 88' lang='lat' dir='ltr'>Coatlan,</span> <span class='ocrx_word' id='word_1_204' title='bbox 563 3383 727 3470; x_wconf 89' lang='lat' dir='ltr'>Tintepec</span> <span class='ocrx_word' id='word_1_205' title='bbox 741 3408 819 3453; x_wconf 91' lang='lat' dir='ltr'>curn</span> <span class='ocrx_word' id='word_1_206' title='bbox 834 3409 894 3452; x_wconf 90' lang='lat' dir='ltr'>sua</span> <span class='ocrx_word' id='word_1_207' title='bbox 916 3389 1048 3467; x_wconf 89' lang='lat' dir='ltr'>vicaria,</span> <span class='ocrx_word' id='word_1_208' title='bbox 1062 3387 1226 3472; x_wconf 87' lang='lat' dir='ltr'>Tejalpan</span> <span class='ocrx_word' id='word_1_209' title='bbox 1243 3395 1276 3451; x_wconf 88' lang='lat' dir='ltr'>et</span> <span class='ocrx_word' id='word_1_210' title='bbox 1300 3383 1502 3470; x_wconf 86' lang='lat' dir='ltr'>Tepoztlau,</span> 
     </span>
     <span class='ocr_line' id='line_1_31' title="bbox 393 3484 1502 3576; baseline 0.003 -29"><span class='ocrx_word' id='word_1_211' title='bbox 393 3484 516 3566; x_wconf 89' lang='lat' dir='ltr'>quibus</span> <span class='ocrx_word' id='word_1_212' title='bbox 531 3486 597 3550; x_wconf 89' lang='lat' dir='ltr'>alia</span> <span class='ocrx_word' id='word_1_213' title='bbox 612 3492 765 3571; x_wconf 89' lang='lat' dir='ltr'>paroecia</span> <span class='ocrx_word' id='word_1_214' title='bbox 781 3493 973 3558; x_wconf 89' lang='lat' dir='ltr'>Amacuzac</span> <span class='ocrx_word' id='word_1_215' title='bbox 995 3503 1029 3558; x_wconf 92' lang='lat' dir='ltr'>et</span> <span class='ocrx_word' id='word_1_216' title='bbox 1052 3511 1128 3576; x_wconf 89' lang='lat' dir='ltr'>pars</span> <span class='ocrx_word' id='word_1_217' title='bbox 1153 3490 1326 3574; x_wconf 88' lang='lat' dir='ltr'>paroeciae</span> <span class='ocrx_word' id='word_1_218' title='bbox 1341 3489 1383 3552; x_wconf 93' lang='lat' dir='ltr'>de</span> <span class='ocrx_word' id='word_1_219' title='bbox 1398 3487 1502 3570; x_wconf 91' lang='lat' dir='ltr'>Jatla,</span> 
     </span>
     <span class='ocr_line' id='line_1_32' title="bbox 394 3593 1501 3682; baseline 0.004 -30"><span class='ocrx_word' id='word_1_220' title='bbox 394 3607 535 3655; x_wconf 90' lang='lat' dir='ltr'>necnon</span> <span class='ocrx_word' id='word_1_221' title='bbox 548 3593 670 3659; x_wconf 88' lang='lat' dir='ltr'>vicaria</span> <span class='ocrx_word' id='word_1_222' title='bbox 685 3595 969 3682; x_wconf 89' lang='lat' dir='ltr'>Tlalquitenango</span> <span class='ocrx_word' id='word_1_223' title='bbox 984 3607 1081 3662; x_wconf 89' lang='lat' dir='ltr'>erunt</span> <span class='ocrx_word' id='word_1_224' title='bbox 1096 3597 1338 3681; x_wconf 89' lang='lat' dir='ltr'>adiungendae.</span> <span class='ocrx_word' id='word_1_225' title='bbox 1355 3594 1501 3676; x_wconf 84' lang='lat' dir='ltr'>Reliqua</span> 
     </span>
     <span class='ocr_line' id='line_1_33' title="bbox 392 3692 1502 3783; baseline 0.003 -28"><span class='ocrx_word' id='word_1_226' title='bbox 392 3692 530 3758; x_wconf 90' lang='lat' dir='ltr'>demum</span> <span class='ocrx_word' id='word_1_227' title='bbox 559 3715 646 3762; x_wconf 92' lang='lat' dir='ltr'>nova</span> <span class='ocrx_word' id='word_1_228' title='bbox 665 3699 827 3764; x_wconf 89' lang='lat' dir='ltr'>dioecesis</span> <span class='ocrx_word' id='word_1_229' title='bbox 846 3700 894 3766; x_wconf 91' lang='lat' dir='ltr'>de</span> <span class='ocrx_word' id='word_1_230' title='bbox 914 3699 1154 3783; x_wconf 88' lang='lat' dir='ltr'>Tehuantepec</span> <span class='ocrx_word' id='word_1_231' title='bbox 1168 3697 1391 3783; x_wconf 87' lang='lat' dir='ltr'>amplectetur</span> <span class='ocrx_word' id='word_1_232' title='bbox 1413 3696 1502 3759; x_wconf 92' lang='lat' dir='ltr'>duos</span> 
     </span>
     <span class='ocr_line' id='line_1_34' title="bbox 392 3795 1501 3888; baseline 0.002 -27"><span class='ocrx_word' id='word_1_233' title='bbox 392 3795 561 3864; x_wconf 86' lang='lat' dir='ltr'>districtus</span> <span class='ocrx_word' id='word_1_234' title='bbox 592 3802 635 3866; x_wconf 88' lang='lat' dir='ltr'>de</span> <span class='ocrx_word' id='word_1_235' title='bbox 661 3801 901 3888; x_wconf 85' lang='lat' dir='ltr'>Tchuantepec</span> <span class='ocrx_word' id='word_1_236' title='bbox 925 3813 960 3870; x_wconf 88' lang='lat' dir='ltr'>et</span> <span class='ocrx_word' id='word_1_237' title='bbox 988 3804 1157 3887; x_wconf 90' lang='lat' dir='ltr'>Juchitan,</span> <span class='ocrx_word' id='word_1_238' title='bbox 1180 3824 1243 3869; x_wconf 92' lang='lat' dir='ltr'>nec</span> <span class='ocrx_word' id='word_1_239' title='bbox 1272 3821 1339 3867; x_wconf 92' lang='lat' dir='ltr'>non</span> <span class='ocrx_word' id='word_1_240' title='bbox 1367 3811 1501 3885; x_wconf 86' lang='lat' dir='ltr'>partem</span> 
     </span>
     <span class='ocr_line' id='line_1_35' title="bbox 391 3900 1502 3990; baseline 0.002 -26"><span class='ocrx_word' id='word_1_241' title='bbox 391 3900 561 3968; x_wconf 88' lang='lat' dir='ltr'>districtus</span> <span class='ocrx_word' id='word_1_242' title='bbox 576 3905 619 3970; x_wconf 88' lang='lat' dir='ltr'>de</span> <span class='ocrx_word' id='word_1_243' title='bbox 642 3904 806 3990; x_wconf 87' lang='lat' dir='ltr'>Choapan</span> <span class='ocrx_word' id='word_1_244' title='bbox 821 3908 865 3972; x_wconf 90' lang='lat' dir='ltr'>ad</span> <span class='ocrx_word' id='word_1_245' title='bbox 881 3916 1005 3974; x_wconf 86' lang='lat' dir='ltr'>statum</span> <span class='ocrx_word' id='word_1_246' title='bbox 1026 3906 1157 3973; x_wconf 90' lang='lat' dir='ltr'>civilem</span> <span class='ocrx_word' id='word_1_247' title='bbox 1178 3907 1222 3971; x_wconf 88' lang='lat' dir='ltr'>de</span> <span class='ocrx_word' id='word_1_248' title='bbox 1237 3903 1382 3972; x_wconf 88' lang='lat' dir='ltr'>Oaxaca</span> <span class='ocrx_word' id='word_1_249' title='bbox 1396 3903 1502 3987; x_wconf 91' lang='lat' dir='ltr'>perti-</span> 
     </span>
     <span class='ocr_line' id='line_1_36' title="bbox 391 4006 1502 4077; baseline 0 -7"><span class='ocrx_word' id='word_1_250' title='bbox 391 4015 518 4072; x_wconf 87' lang='lat' dir='ltr'>nentes.</span> <span class='ocrx_word' id='word_1_251' title='bbox 547 4008 601 4073; x_wconf 94' lang='lat' dir='ltr'>Ac</span> <span class='ocrx_word' id='word_1_252' title='bbox 631 4009 695 4075; x_wconf 91' lang='lat' dir='ltr'>hoc</span> <span class='ocrx_word' id='word_1_253' title='bbox 726 4009 894 4077; x_wconf 84' lang='lat' dir='ltr'>constabit</span> <span class='ocrx_word' id='word_1_254' title='bbox 922 4019 957 4074; x_wconf 93' lang='lat' dir='ltr'>et</span> <span class='ocrx_word' id='word_1_255' title='bbox 986 4011 1139 4076; x_wconf 90' lang='lat' dir='ltr'>districtu</span> <span class='ocrx_word' id='word_1_256' title='bbox 1169 4010 1212 4074; x_wconf 90' lang='lat' dir='ltr'>de</span> <span class='ocrx_word' id='word_1_257' title='bbox 1240 4006 1432 4074; x_wconf 89' lang='lat' dir='ltr'>Minatlllan</span> <span class='ocrx_word' id='word_1_258' title='bbox 1464 4013 1502 4070; x_wconf 88' lang='lat' dir='ltr'>et</span> 
     </span>
     <span class='ocr_line' id='line_1_37' title="bbox 390 4107 1500 4197; baseline 0.003 -25"><span class='ocrx_word' id='word_1_259' title='bbox 390 4107 587 4193; x_wconf 89' lang='lat' dir='ltr'>Acoyucao,</span> <span class='ocrx_word' id='word_1_260' title='bbox 601 4123 636 4177; x_wconf 91' lang='lat' dir='ltr'>et</span> <span class='ocrx_word' id='word_1_261' title='bbox 652 4113 777 4178; x_wconf 88' lang='lat' dir='ltr'>maiore</span> <span class='ocrx_word' id='word_1_262' title='bbox 792 4124 887 4197; x_wconf 89' lang='lat' dir='ltr'>parte</span> <span class='ocrx_word' id='word_1_263' title='bbox 910 4113 1078 4179; x_wconf 89' lang='lat' dir='ltr'>districtus</span> <span class='ocrx_word' id='word_1_264' title='bbox 1093 4114 1137 4177; x_wconf 88' lang='lat' dir='ltr'>de</span> <span class='ocrx_word' id='word_1_265' title='bbox 1153 4111 1423 4195; x_wconf 88' lang='lat' dir='ltr'>Cosamaloapan</span> <span class='ocrx_word' id='word_1_266' title='bbox 1453 4111 1500 4175; x_wconf 87' lang='lat' dir='ltr'>ad</span> 
     </span>
     <span class='ocr_line' id='line_1_38' title="bbox 391 4212 1500 4298; baseline 0.003 -24"><span class='ocrx_word' id='word_1_267' title='bbox 391 4220 516 4277; x_wconf 90' lang='lat' dir='ltr'>statum</span> <span class='ocrx_word' id='word_1_268' title='bbox 532 4213 663 4280; x_wconf 88' lang='lat' dir='ltr'>civilem</span> <span class='ocrx_word' id='word_1_269' title='bbox 679 4215 723 4280; x_wconf 89' lang='lat' dir='ltr'>de</span> <span class='ocrx_word' id='word_1_270' title='bbox 738 4215 829 4280; x_wconf 90' lang='lat' dir='ltr'>Vera</span> <span class='ocrx_word' id='word_1_271' title='bbox 846 4216 951 4282; x_wconf 88' lang='lat' dir='ltr'>Cruce</span> <span class='ocrx_word' id='word_1_272' title='bbox 967 4213 1219 4298; x_wconf 87' lang='lat' dir='ltr'>pertinentibus.</span> <span class='ocrx_word' id='word_1_273' title='bbox 1236 4215 1350 4298; x_wconf 89' lang='lat' dir='ltr'>Ipsam</span> <span class='ocrx_word' id='word_1_274' title='bbox 1369 4212 1500 4279; x_wconf 89' lang='lat' dir='ltr'>idcirco</span> 
     </span>
     <span class='ocr_line' id='line_1_39' title="bbox 391 4313 1501 4401; baseline -0.004 -19"><span class='ocrx_word' id='word_1_275' title='bbox 391 4316 572 4382; x_wconf 85' lang='lat' dir='ltr'>dioecesim</span> <span class='ocrx_word' id='word_1_276' title='bbox 591 4319 797 4384; x_wconf 87' lang='lat' dir='ltr'>constituent</span> <span class='ocrx_word' id='word_1_277' title='bbox 814 4317 987 4401; x_wconf 90' lang='lat' dir='ltr'>paroeciae</span> <span class='ocrx_word' id='word_1_278' title='bbox 1011 4316 1293 4401; x_wconf 87' lang='lat' dir='ltr'>Chacaltianguis,</span> <span class='ocrx_word' id='word_1_279' title='bbox 1309 4313 1501 4380; x_wconf 90' lang='lat' dir='ltr'>Tesechoa-</span> 
     </span>
    </p>
   </div>
   <div class='ocr_carea' id='block_1_3' title="bbox 0 0 1682 4938">
    <p class='ocr_par' dir='ltr' id='par_1_3' title="bbox 0 0 1682 4938">
     <span class='ocr_line' id='line_1_40' title="bbox 0 0 1682 4938; baseline 0 0"><span class='ocrx_word' id='word_1_280' title='bbox 0 0 1682 4938; x_wconf 95' lang='lat' dir='ltr'> </span> 
     </span>
    </p>
   </div>
  </div>
 </body>
</html>
