3354 4938
396 283 464 372 156
493 301 672 354 sersroun
693 289 714 318 “
734 301 774 350 1u
796 299 877 351 11³s0
895 299 1060 351 sununur
1080 299 1353 351 nourrnrcnrus
1373 333 1393 362 „

388 485 565 558 vestraque
591 474 703 541 studia
719 484 752 541 et
767 477 855 538 vires
871 476 914 539 ad
931 496 1035 541 unum
1051 485 1245 558 certumque
1261 473 1360 538 finem
1377 472 1497 537 eodem

242 579 315 636 Qum
331 578 365 623 “²
388 581 522 644 tramite
548 580 738 659 intendant,
765 579 848 644 nihil
876 579 984 644 Nobis
1010 583 1233 665 opportunius
1259 580 1330 644 lore
1356 579 1496 654 videtur,

212 641 289 683 selum
319 651 362 682 un·

209 697 364 766 genitumst
387 702 488 767 quam
505 684 532 749 si
548 684 712 768 quasdam
729 684 815 748 inter
829 683 921 767 ipsos
936 683 1188 768 congressiones
1214 683 1396 768 quotannis
1413 681 1493 762 Epi·

212 761 342 816 quatetenus
470 788 479 804 .
795 789 802 801 .
959 788 967 804 .
1404 786 1413 800 .
1484 784 1494 799 .

211 816 333 874 congredi-
386 807 478 869 scopi
502 787 659 868 habeant,
674 808 720 852 ex
746 786 867 870 quibus
891 807 931 852 ea
958 797 1088 852 meatur
1104 797 1174 855 tam
1191 786 1311 852 efficax
1327 785 1494 850 sentiendr

211 880 289 982 ff
307 889 362 920 m·
387 892 575 975 agendique
591 891 777 957 concordia
797 891 937 971 Isthaec,
952 912 1054 975 quam
1081 902 1248 976 optamus,
1263 899 1493 957 conventuum

386 996 472 1059 ratio
488 995 657 1060 nonnullis
672 996 707 1059 in
728 995 920 1079 regionibus
944 996 1012 1061 iam
1037 997 1176 1062 inducta
1201 995 1302 1078 viget,
1317 1003 1352 1060 ct
1368 994 1494 1058 fructus

386 1097 496 1162 adhuc
523 1096 600 1164 tulit
625 1119 703 1163 vere
726 1098 918 1165 laetabilcs:
943 1099 1021 1165 inde
1041 1101 1211 1165 enimvero
1228 1098 1406 1181 Episcopis
1423 1116 1493 1161 am-

386 1199 472 1282 plior
496 1201 605 1284 patuit
630 1201 844 1267 consiliorum
873 1203 979 1286 copia,
995 1205 1096 1270 robur
1118 1203 1223 1268 animi
1246 1201 1494 1274 confirmatum,

385 1305 534 1369 studium
561 1304 730 1388 religionis
755 1305 936 1386 incensum,
963 1307 1053 1373 haud
1078 1327 1187 1391 pauca
1211 1307 1312 1371 etiam
1339 1301 1494 1368 consulta

386 1406 535 1489 prolecta
559 1427 645 1491 quae
669 1409 715 1472 rei
739 1408 925 1474 catholicae
950 1410 1064 1474 multis
1091 1410 1201 1474 modis
1227 1408 1322 1473 utilia
1343 1403 1492 1487 contige-

386 1519 471 1574 runt.
487 1547 531 1559 --
546 1509 691 1574 Accedit
715 1513 807 1594 quod
834 1521 930 1586 tanta
946 1531 1115 1577 sacrorum
1131 1511 1336 1577 Antistitum
1353 1506 1491 1572 coniun·

210 1657 243 1701 ,a
262 1597 362 1702 ¹²52}ss
385 1611 452 1676 ctio
475 1622 510 1677 et
534 1614 710 1678 consensio
735 1634 803 1679 non
829 1615 932 1680 modo
961 1615 1009 1680 eis
1040 1615 1122 1698 ipsis
1150 1615 1253 1680 decus
1283 1621 1319 1676 et
1348 1609 1491 1694 gratiam

205 1720 360 1833 fflstsiontgt·
385 1717 475 1798 apud
499 1736 578 1782 suos
605 1738 672 1782 non
690 1718 893 1794 mediocrem
910 1721 1053 1799 auxerit,
1067 1719 1127 1784 se'd
1144 1717 1340 1800 exemplum
1356 1731 1493 1798 quoque

210 1835 360 1902 nmrran·
384 1829 418 1886 et
448 1821 706 1888 invitamentum
737 1824 889 1896 extiterit
918 1823 1111 1889 hominibus
1141 1821 1235 1887 laicis
1265 1820 1319 1885 vel
1350 1819 1491 1883 aliarum

209 1893 281 1946 ‘'bu‘'
384 1923 545 2005 gentium,
568 1933 605 1990 ut
635 1927 857 1991 concordibus
884 1946 991 2010 aeque
1017 1926 1140 1991 animis
1169 1925 1392 1998 consulerent,
1418 1921 1491 2005 qui-

385 2025 447 2091 bus
470 2037 640 2111 oporteret
666 2031 839 2113 praesidiis
865 2031 1006 2096 tutelam
1037 2030 1207 2114 religionis
1238 2048 1348 2111 neque
1379 2027 1490 2090 minus

220 2163 359 2221 mmm.
383 2129 487 2194 civilis
511 2132 637 2196 ordinis
662 2133 844 2198 laborantis
872 2135 1048 2216 suscipere.
1068 2170 1112 2183 —
1139 2134 1315 2197 Praeterea
1339 2129 1383 2193 ab
1407 2129 1490 2211 ipsis

210 2221 361 2292 ⁶⁸³·“2'l‘12'
385 2233 562 2317 Episcopis
586 2245 621 2300 et
644 2237 881 2319 praeeuntibus
908 2246 942 2302 et
965 2235 1219 2302 cohortantibus
1239 2234 1383 2298 multum
1399 2239 1493 2295 certe

209 2293 360 2400 Zama
384 2336 541 2400 navitatis
564 2348 599 2402 et
624 2339 751 2402 ardoris
777 2339 961 2403 hauserunt
985 2339 1151 2416 catholici,
1167 2346 1205 2402 ut
1228 2343 1413 2399 conventus
1429 2333 1490 2396 ad-

208 2404 348 2504 figam.
383 2437 507 2504 similes
523 2462 585 2525 pro
599 2443 792 2506 nationibus
807 2442 859 2507 vel
876 2442 1056 2526 provinciis
1083 2442 1217 2506 locisve¹
1231 2441 1306 2504 aliis
1330 2447 1489 2518 cogerent

383 2550 417 2605 et
441 2542 670 2622 celebrarent;
694 2545 795 2628 idque
820 2565 901 2610 sane
924 2564 1027 2627 quam
1054 2545 1270 2628 providenter
1294 2541 1426 2605 factum.
1449 2536 1489 2604 Si

382 2644 507 2709 etenim
531 2656 648 2711 contra
663 2646 819 2730 flagitiosi
847 2648 1011 2725 homines,
1026 2649 1166 2713 audacia
1191 2650 1429 2730 praepotentes
1454 2649 1491 2705 et

381 2767 530 2827 numero,
545 2769 618 2814 sese
634 2753 758 2832 passim
774 2762 981 2834 congregant
997 2750 1226 2833 foederathue
1241 2747 1436 2830 conspirant
1452 2755 1490 2810 ut

380 2851 446 2914 illis
461 2854 588 2917 donum
601 2851 687 2932 fidei,
699 2873 803 2919 unum
816 2855 968 2920 omnium
983 2853 1316 2937 praestantissimum,
1327 2858 1361 2914 et
1372 2867 1489 2912 conse·

379 2957 517 3037 quentia
532 2957 621 3022 bona
637 2957 763 3040 perfide
779 2960 930 3042 eripiant,
942 2968 1075 3038 ‚rectum
1091 2958 1231 3022 omnino
1247 2965 1298 3020 est
1314 2974 1353 3018 ac
1374 2971 1489 3016 ncces-

379 3063 891 3149 sarium,catholicos,Episcopis
904 3064 1166 3141 moderantibus,
1176 3063 1287 3127 studia
1300 3080 1361 3124 sua
1373 3058 1488 3124 omnia

378 3164 529 3251 viresque
552 3171 743 3234 consociare
758 3173 801 3234 ad
818 3171 1060 3235 resistendum:
1075 3169 1133 3252 qui
1149 3167 1294 3251 quidem,
1310 3165 1343 3228 in
1369 3162 1486 3228 talium

378 3277 534 3334 coetuum
550 3271 744 3356 frequentia,
756 3273 890 3337 liberius
900 3281 1060 3354 poterunt
1075 3280 1109 3335 et
1121 3269 1263 3335 validius
1276 3268 1326 3332 sui
1340 3265 1487 3330 nominis

377 3369 616 3450 professionem
633 3374 803 3450 sustinere,
819 3372 956 3437 hostiles
972 3372 1117 3454 impetus
1133 3371 1335 3454 propulsare.

199 3465 353 3583 {ffssissmss'jj
421 3471 489 3535 Res
514 3483 625 3538 autem
651 3476 695 3539 ad
719 3476 982 3552 deliberandum,
1006 3494 1133 3558 eaeque
1164 3475 1278 3557 magni
1310 3471 1487 3550 momenti,

200 3596 266 3640 mas
286 3551 350 3643 ⁸20..
378 3571 555 3656 Episcopis
582 3595 648 3639 non
679 3577 820 3643 deerunt
850 3579 1086 3661 congressuris.
1109 3615 1153 3627 —
1183 3576 1261 3660 Qua
1291 3584 1485 3658 temporum

200 3653 329 3760 ᾓζζζῖζρ,
375 3676 568 3742 calamitate
583 3677 790 3759 afflictamur,
805 3681 839 3746 id
856 3682 1002 3764 primurn
1019 3681 1202 3765 petendum
1228 3679 1486 3773 curandumque

198 3773 351 3892 {mbra-
375 3799 448 3844 esse
472 3799 648 3846 censemus
677 3791 714 3848 ut
745 3803 820 3848 curn
851 3784 1055 3850 hierarchico
1085 3783 1203 3848 ordine
1231 3780 1367 3847 vincula
1397 3778 1484 3844 chri-

200 3891 352 3944 mensem:
376 3883 504 3947 stianae
533 3884 680 3950 familiae
706 3887 847 3952 arctiore
873 3889 907 3951 in
938 3889 1010 3952 dies
1041 3886 1288 3952 necessitudine
1318 3884 1485 3950 constrin-

376 3995 514 4067 gantur3
540 3989 587 4052 ita
613 3989 722 4072 plane,
746 4000 784 4055 ut
808 3989 922 4056 fideles
950 3991 1127 4074 Episcopis
1151 3991 1220 4054 suis
1245 3989 1339 4054 omni
1366 3986 1486 4052 volun·

376 4097 445 4152 tate
469 4099 503 4155 et
526 4092 738 4157 observantia
762 4093 1013 4172 adhaerescunt,
1036 4113 1140 4177 quum
1169 4093 1319 4157 maxime
1338 4109 1417 4154 vero
1438 4087 1485 4152 ad

377 4190 583 4275 Episcopum
612 4194 781 4262 Ecclesiae
808 4199 982 4264 universae
1009 4198 1120 4277 fidem,
1146 4195 1486 4281 obtemperationem,

376 4293 536 4376 pietatem
566 4294 709 4362 filiorum
739 4301 905 4367 retineant
938 4302 1064 4367 alacres
1094 4312 1128 4367 et
1157 4300 1378 4387 profiteantur
1412 4316 1484 4362 non
