3354 4938
368 323 418 372 un
437 322 676 374 arnmncffla
694 321 735 373 m
755 321 901 374 usxrco
919 319 1162 374 onnmnnna.
1243 317 1314 392 235
1393 296 1397 305 ’

206 499 281 564 cesi
308 499 547 565 adiudicamus.
580 499 660 582 Ipsa
690 499 830 582 proinde
861 501 1022 564 dioecesis
1052 500 1096 564 de
1121 497 1322 564 Chihuahua
1368 493 1480 604 iffi}

212 611 402 668 memorato
416 601 586 668 constabit
605 603 772 668 territorio
792 612 827 669 et
842 603 1060 687 infrascriptis
1076 602 1157 666 inibi
1173 600 1322 667 existen·
1391 605 1459 666 ’891-

210 707 304 772 tibus
320 706 481 790 paroeciis
496 743 540 756 -
555 705 590 773 S.
607 706 786 785 leronimo,
801 707 835 775 S.
851 707 996 787 Andres,
1011 707 1207 784 Taraumar,
1221 705 1322 770 Bato·

211 811 311 896 pilas,
326 809 360 877 S.
378 810 488 894 Borja,
501 809 711 889 Chihuahua,
729 811 1014 902 CasasGrandes,
1029 809 1192 888 Carichic,
1208 806 1323 874 Chini-

211 935 285 1002 pas,
309 913 581 993 Cosihuiriachic‚
607 915 698 981 Villa
728 915 770 980 de
794 915 826 980 la
850 914 1073 998 Concepcion,
1104 913 1139 982 S.
1166 911 1254 978 Cruz
1280 911 1324 975 de

214 1017 367 1095 Rosales,
383 1017 418 1084 S.
434 1017 521 1083 Cruz
533 1019 576 1083 de
593 1019 748 1096 Herrera,
762 1018 798 1086 S.
811 1019 953 1097 Eulalia,
969 1018 1111 1085 Colonia
1126 1017 1168 1083 de
1186 1015 1324 1084 Guada·

214 1120 303 1204 lupe,
319 1119 556 1206 Guadalupey
572 1121 687 1202 Calvo,
703 1121 926 1206 Guazapares,
942 1121 1173 1206 Huejuquilla,
1193 1117 1323 1203 Huejo·

208 1225 312 1303 titan,
337 1223 372 1291 S.
400 1225 520 1303 isabel,
547 1227 661 1309 Janos,
685 1227 800 1311 JEsus
816 1227 934 1306 Maria,
956 1227 1107 1310 Julimes,
1131 1225 1267 1302 Loreto,
1289 1220 1324 1288 S.

214 1327 378 1406 Lorenzo,
394 1329 550 1405 Morelos,
567 1330 682 1411 Moris,
710 1329 886 1410 Nonoaba,
910 1331 1133 1416 Norogachic,
1155 1329 1243 1394 Paso
1265 1325 1320 1393 del

215 1431 332 1512 Norte,
348 1434 498 1499 Presidio
516 1435 571 1500 del
599 1436 715 1514 Norte‚
736 1436 770 1504 S.
787 1436 902 1516 Pablo,
929 1435 1053 1514 Parral,
1068 1435 1158 1500 Pilar
1172 1434 1216 1498 de
1233 1431 1324 1498 Con·

214 1535 306 1616 ahos,
323 1537 391 1602 Rio
405 1537 535 1617 florido,
546 1539 582 1606 S.
594 1539 741 1618 Rosalia,
751 1539 885 1620 Satevd,
898 1539 1117 1625 Sisoguichic,
1134 1533 1323 1612 Temechic,

213 1639 447 1722 Temosachic,
457 1642 649 1722 Temochic,
657 1643 850 1724 Tervachic,
863 1643 898 1712 S.
907 1645 1045 1720 Tomas,
1057 1638 1325 1720 Umachic,Val-

214 1744 295 1824 leza,
309 1745 410 1811 Valle
425 1746 468 1811 de
491 1744 525 1812 S.
542 1747 689 1826 Bartolo,
709 1758 743 1814 et
758 1747 858 1813 Valle
873 1749 916 1812 de
931 1746 965 1814 S.
982 1747 1240 1812 Buenaventura
1259 1761 1323 1807 -:

215 1850 248 1914 in
265 1847 402 1914 civitate
417 1851 461 1916 de
477 1849 678 1916 Chihuahua
693 1851 797 1936 ipsius
820 1851 976 1917 territorii
993 1849 1143 1935 principe
1158 1847 1273 1914 sedern
1289 1858 1325 1915 et

212 1953 408 2019 cathedram
420 1954 628 2038 episcopales
639 1954 827 2034 fundamus,
837 1954 1079 2039 ecclesiamque
1089 1953 1209 2021 Ssmae
1222 1951 1322 2018 Cruci

211 2058 360 2123 dicatam
378 2058 420 2123 ad
437 2058 638 2124 cathedralis
654 2059 814 2125 ecclesiae
829 2061 971 2143 gradum
988 2067 1022 2126 et
1037 2058 1192 2123 decorem
1220 2057 1323 2122 etiarn

213 2171 377 2246 perpetuo
406 2162 588 2230 evehimus.
611 2163 647 2228 A
677 2173 864 2229 memorato
893 2163 1029 2246 insuper
1052 2161 1248 2246 episcopatu
1279 2161 1323 2226 de

214 2265 378 2349 Durango
393 2276 428 2331 et
451 2265 496 2331 ab
521 2266 588 2331 alio
611 2266 654 2332 de
680 2265 829 2344 Linares,
844 2266 878 2330 in
894 2265 1201 2348 archiepiscopatus
1216 2281 1324 2346 nuper

213 2369 315 2434 etiarn
343 2379 380 2434 ut
404 2368 588 2452 praefertur
611 2371 738 2449 erectis,
763 2389 826 2454 pro
850 2388 938 2435 nova
961 2368 1105 2435 dioecesi
1121 2368 1165 2432 de
1189 2365 1322 2434 Saltillo

214 2473 449 2538 constituenda
464 2471 681 2537 distrahimus
695 2475 897 2539 territorium
925 2481 1032 2538 status
1055 2471 1160 2537 civilis
1175 2471 1219 2536 de
1234 2468 1321 2536 Coa·

211 2575 304 2640 huila
319 2575 503 2660 nuncupati
518 2575 669 2662 illudque
683 2595 760 2642 cum
776 2577 938 2661 paroeciis
955 2575 1118 2661 Santiago
1129 2585 1163 2641 et
1176 2574 1210 2641 S.
1223 2573 1320 2640 Este·

211 2679 278 2746 ban
305 2680 499 2746 incivitate
528 2680 665 2764 capitali
695 2681 797 2766 vulgo
828 2680 969 2762 Saltillo‚
999 2685 1161 2765 Arteaga,
1192 2679 1320 2744 Ramos

211 2785 345 2868 Arlape,
361 2783 521 2861 Candela,
537 2783 727 2863 Monclova,
744 2785 814 2853 San
831 2786 1097 2864 Buenaventura,
1113 2784 1321 2860 Nadadores,

211 2887 339 2954 Cuatro
356 2887 530 2970 Cienegas,
543 2887 650 2954 Santa
667 2889 768 2966 Rosa,
781 2887 849 2956 San
863 2889 1051 2968 Fernando,
1064 2886 1171 2965 Nava,
1183 2881 1319 2951 Piedras

211 2993 352 3075 Negras,
370 2991 436 3056 Rio
451 2990 588 3058 Grande
608 3000 643 3055 et
666 2993 838 3076 Progreso‚
864 2992 907 3057 ad
925 2992 1261 3074 Archiepiscopatum
1277 2989 1320 3053 de
1391 2994 1395 3003 '

212 3094 361 3174 Linares,
377 3093 526 3178 aliisque,
545 3113 666 3178 nempe
682 3094 808 3159 Alamo
831 3097 875 3158 de
902 3095 1028 3174 Patras,
1051 3095 1260 3158 Matamoros
1276 3092 1320 3156 de

210 3197 245 3263 la
261 3197 413 3280 Laguna,
428 3206 467 3260 et.
479 3197 605 3274 Patras,
620 3195 663 3261 ad
679 3196 1017 3281 Archiepiscopatunr
1032 3197 1077 3262 de
1093 3197 1257 3279 Durango
1275 3196 1318 3261 ad

210 3320 369 3387 praesens
399 3300 642 3384 pertinentibus
671 3301 833 3385 paroeciis
864 3301 973 3366 eidem
1004 3319 1112 3365 novae
1136 3300 1319 3384 episcopali

209 3407 282 3472 sedi
297 3407 341 3472 de
360 3403 494 3471 Saltillo
515 3404 738 3484 attribuimus,
756 3405 922 3490 simulque
944 3405 1049 3490 ipsius
1067 3403 1263 3469 cathedram
1285 3405 1319 3470 in

208 3511 345 3578 civitate
362 3507 496 3575 Saltillo
520 3508 755 3574 constituimus
781 3519 882 3592 atque
906 3509 1080 3574 ecclesiam
1097 3509 1176 3574 divo
1195 3509 1319 3574 Iacobo

208 3612 381 3698 Apostolo
396 3613 541 3678 dicatam
566 3612 599 3677 in
620 3613 814 3679 cathedram
836 3613 1003 3696 erigimus.
1018 3613 1076 3678 Ad
1094 3633 1216 3678 novam
1239 3632 1319 3678 vero

209 3717 311 3783 aliam
338 3713 563 3800 episcopalem
585 3715 699 3780 sedem
726 3716 769 3781 de
790 3717 896 3800 Tepic
920 3717 1011 3801 quod
1033 3717 1164 3794 attinet,
1179 3716 1226 3779 sic
1242 3733 1318 3780 eam

208 3819 365 3884 volumus
377 3818 611 3883 constitutam:
622 3818 695 3902 ipsa
706 3821 872 3905 siquidem
885 3819 1105 3902 amplectetur
1114 3817 1317 3883 territorium

209 3925 315 4008 ipsius
345 3922 491 3988 nominis
520 3923 611 4005 quod
642 3925 789 4008 quinque
818 3924 1024 3990 districtibus
1053 3933 1196 4001 constat,
1222 3923 1320 4006 eique

209 4028 346 4111 insuper
376 4028 438 4092 erit
476 4027 650 4092 addendus
666 4027 764 4091 ¹alter
801 4027 971 4092 districtus
1001 4034 1110 4090 status
1140 4025 1246 4090 civilis
1276 4027 1320 4090 de

211 4127 354 4206 Falisco,
378 4126 533 4191 Mascota
549 4137 769 4210 nuncupatus,
783 4128 840 4211 qui
862 4127 905 4191 ad
929 4125 1252 4210 archiepiscopatum
1276 4129 1319 4194 de

210 4231 453 4298 Guadalaxara
470 4231 502 4294 in
515 4249 673 4314 praesens
685 4232 838 4314 pertinet,
847 4250 1015 4314 quemque
1030 4240 1208 4314 propterea
1223 4232 1320 4301 abeo

210 4333 492 4398 dismembratum
511 4340 546 4396 et
570 4332 768 4397 distractum
794 4332 1002 4398 declaramus
1023 4330 1137 4416 illique
1153 4333 1319 4404 infrascri.
