3354 4938
406 209 475 278 194
552 209 740 262 armenas
759 209 916 262 sueves.
939 197 962 229 '‘
977 209 1110 263 annun
1130 209 1316 262 novanun
1331 245 1351 276 „

221 384 372 506 ,glis-³532
398 397 499 471 atque
529 387 730 456 infimorum,
755 389 843 455 Sunt
865 391 1024 456 nimirum
1048 390 1218 474 proletarii
1241 391 1313 477 pari
1336 394 1407 458 iure
1428 415 1509 460 cum

220 506 371 610 xmp*
397 491 620 578 locupletibus
636 503 755 558 natura
770 496 869 574 cives,
884 493 948 560 hoe
964 503 1017 558 est
1032 503 1144 576 partes
1163 516 1263 560 verae
1276 498 1448 580 vitamque
1459 499 1510 563 vi·

215 625 317 684 piam,
396 607 520 675 ventes,
530 597 619 662 unde
634 607 777 676 constat,
792 598 975 663 interiectis
991 595 1137 677 familiis,
1147 617 1268 682 corpus
1283 600 1488 684 reipublicae
1503 628 1511 668 ε

219 685 371 789 ffiffi„
396 713 491 769 utne
507 703 589 767 illud
605 702 817 786 adiungatur,
830 701 863 765 in
879 701 974 767 omni
993 703 1075 767 urbe
1090 723 1149 768 eos
1163 719 1236 767 esse
1251 722 1393 768 numero
1408 705 1512 790 longe

220 803 371 921 mm
397 803 556 869 maximo.
568 802 654 868 Cum
668 803 768 885 igitur
780 802 862 866 illud
875 803 919 867 sit
930 802 1281 886 perabsurdum,parti
1293 804 1416 869 civium
1426 824 1508 872 con·

220 921 291 975 raris,
325 935 371 989 ”3‘·
396 908 512 985 sulere,
521 916 651 991 partem
662 905 841 990 negligere,
851 906 1075 989 consequitur,
1085 907 1119 970 in
1131 905 1240 972 salute
1254 910 1513 995 commodisque

221 995 284 1093 ’ἔξω
299 993 370 1039 'm'
395 1012 523 1077 ordinis
532 1011 788 1094 proletariorum
798 1011 933 1075 tuendis
943 1029 1040 1075 curas
1055 1009 1187 1076 debitas
1203 1009 1358 1077 collocari
1374 1015 1512 1097 publice

396 1125 576 1200 oportere:
599 1115 633 1178 ni
656 1112 725 1191 liat,
748 1112 911 1179 violatum
940 1114 980 1178 iri
1003 1115 1165 1180 iustitiam
1188 1133 1283 1179 suurn
1307 1117 1429 1199 cuique
1451 1123 1511 1184 tri-

396 1221 498 1286 buere
513 1220 783 1303 praecipientem.
800 1216 879 1300 Qua
893 1218 936 1282 de
949 1236 984 1282 re
999 1219 1177 1301 sapienter,
1193 1218 1227 1285 S.
1239 1217 1390 1283 Thomas
1403 1245 1411 1284 :
1424 1223 1514 1290 sicut

389 1334 474 1406 pars
487 1332 519 1386 et
533 1333 635 1387 totum
650 1322 884 1406 quodammodo
898 1332 979 1386 sunt
993 1323 1089 1400 Mem,
1105 1321 1154 1386 ita
1170 1321 1214 1400 id,
1227 1323 1317 1406 quod
1333 1334 1384 1388 est
1400 1329 1512 1408 totius,

396 1427 630 1512 quodammodo
640 1437 689 1492 est
694 1427 806 1510 partis
824 1427 874 1510 (¹).
892 1427 1036 1492 Proinde
1052 1427 1086 1491 in
1102 1427 1220 1492 officiis
1236 1447 1303 1493 non
1320 1431 1437 1512 paucis
1452 1451 1511 1496 ne-

397 1553 463 1618 que
478 1532 607 1598 levibus
623 1533 750 1615 populo
765 1531 851 1596 bene
875 1531 1121 1596 consulentium
1148 1531 1347 1615 principum,
1363 1531 1446 1598 illud
1474 1535 1510 1600 in

342 1691 344 1694 .
399 1637 515 1722 primis
531 1636 664 1714 eminet,
680 1644 718 1699 ut
732 1654 1006 1718 unumquemque
1018 1635 1139 1699 civium
1156 1635 1308 1700 ordinem
1324 1637 1511 1720 aequabili-

398 1754 449 1807 ter
465 1753 629 1818 tueantur,
645 1761 685 1804 ca
701 1741 868 1818 nimirum,
877 1760 964 1824 quae
979 1739 1195 1804 distributiva
1210 1739 1401 1825 appellatur
1416 1742 1512 1806 iusti·

399 1847 447 1911 tia
463 1845 621 1910 inviolate
637 1847 811 1909 servanda.

444 1949 607 2033 Quamvis
619 1959 732 2014 autem
744 1951 834 2012 cives
845 1949 1026 2024 universos,
1038 1946 1172 2011 nemine
1187 1957 1342 2030 excepto,
1358 1948 1514 2014 conferre

401 2055 526 2137 aliquid
543 2053 576 2118 in
593 2072 760 2116 summam
777 2053 942 2114 bonorum
957 2049 1188 2114 communium
1204 2069 1339 2114 necesse
1353 2052 1407 2128 sit,
1427 2071 1512 2134 quo-

402 2179 475 2222 rum
492 2157 605 2241 aliqua
614 2177 690 2240 pars
700 2154 803 2219 virilis
815 2162 935 2235 sponte
948 2152 1065 2216 recidit
1078 2153 1111 2216 in
1122 2152 1281 2235 singulos,
1290 2164 1405 2218 tamen
1419 2155 1511 2220 idem

235 2255 376 2302 “im“
401 2276 435 2332 et
459 2285 503 2329 ex
531 2282 638 2345 aequo
653 2259 802 2325 conferre
828 2276 1039 2341 nequaquam
1063 2266 1213 2339 possunt.
1237 2256 1513 2342 Qualescumque

227 2317 253 2361 in
275 2329 377 2362 commu·

227 2375 377 2480 JZAE'JZ‘
402 2373 469 2438 sint
481 2371 514 2433 in
531 2367 661 2448 imperii
673 2364 851 2449 generibus
862 2363 1117 2441 vicissitudines,
1129 2371 1292 2445 perpetua
1307 2361 1414 2427 lutura
1426 2375 1513 2430 sunt

220 2496 311 2554 semu
404 2476 492 2542 eain
508 2472 630 2546 civium
647 2479 736 2533 statu
747 2469 948 2544 discrimina,
957 2467 1030 2530 sine
1042 2467 1162 2550 quibus
1179 2487 1240 2530 nec
1256 2485 1337 2544 esse,
1346 2485 1405 2530 nec
1415 2471 1512 2550 cogi·

226 2551 379 2674 {fiifflff
404 2579 467 2645 tari
483 2575 625 2641 societas
639 2572 707 2637 ulla
719 2582 841 2656 posset.
854 2572 1003 2638 Omnino
1016 2589 1151 2636 necesse
1167 2581 1217 2636 est
1233 2573 1397 2654 quosdam
1414 2593 1513 2656 repe-

404 2682 469 2760 riri,
494 2679 550 2762 qui
575 2697 610 2740 se
634 2675 836 2759 reipublicae
859 2677 994 2754 dedant,
1010 2677 1068 2760 qui
1084 2677 1176 2760 leges
1198 2679 1356 2755 condant,
1378 2677 1436 2761 qui
1459 2677 1514 2743 ius

403 2784 528 2859 dicant,
546 2780 690 2863 denique
706 2799 848 2861 quorum
864 2780 1004 2844 consilio
1027 2790 1128 2864 atque
1151 2779 1352 2846 auctoritate
1375 2784 1516 2864 negotia

403 2888 540 2963 urbana,
549 2905 600 2950 res
609 2883 748 2949 bellicae
759 2884 1041 2949 administrentur.
1053 2885 1206 2969 Quorum
1222 2887 1368 2951 virorum
1384 2888 1517 2970 priores

403 3012 476 3058 esse
486 2999 735 3074 partes,eosque
744 2986 919 3052 habendos
930 2989 962 3051 in
974 2991 1066 3052 omni
1077 2990 1203 3072 populo
1215 2991 1400 3074 primarios,
1410 3011 1517 3058 nemo

404 3116 470 3160 non
504 3093 605 3171 videt,
635 3101 812 3176 propterea
842 3091 933 3174 quod
957 3093 1129 3156 communi
1153 3095 1243 3158 bono
1266 3095 1350 3161 dant
1372 3117 1516 3179 operam

404 3199 560 3284 proxime
576 3207 676 3279 atque
701 3196 881 3259 excellenti
905 3196 1041 3260 ratione.
1065 3195 1193 3263 Contra
1210 3218 1288 3262 vero
1308 3200 1365 3283 qui
1387 3201 1519 3268 inerte

405 3303 517 3384 aliqua
541 3308 748 3377 exercentur,
767 3319 834 3364 non
862 3319 910 3376 ea,
925 3320 991 3383 qua
1008 3299 1065 3376 illi,
1081 3301 1211 3366 ratione
1226 3322 1287 3367 nec
1304 3304 1421 3369 iisdem
1440 3327 1517 3372 mu-

406 3405 540 3470 neribus
555 3413 695 3487 prosunt
706 3405 848 3468 civitati:
865 3405 924 3468 sed
940 3413 1053 3467 tamen
1066 3404 1247 3487 plurimum
1264 3418 1297 3470 et
1310 3409 1383 3491 ipsi,
1395 3430 1517 3493 quarn-

405 3527 507 3592 quam
524 3509 633 3570 minus
648 3507 782 3583 directe,
798 3506 935 3571 utilitati
958 3507 1112 3587 publicae
1137 3507 1329 3576 inserviunt.
1346 3511 1436 3576 Sane
1458 3534 1520 3580 so-

231 3577 380 3693 miili?
405 3613 489 3676 ciale
515 3611 640 3675 bonurn
665 3629 741 3673 cum
765 3610 889 3675 debeat
911 3630 984 3674 esse
1007 3611 1181 3690 eiusmodi,
1204 3623 1242 3677 ut
1265 3613 1418 3680 homines
1441 3618 1518 3684 eius

229 3702 294 3749 ’ω’
406 3715 486 3780 fiant
502 3714 682 3796 adeptione
708 3714 871 3790 meliores,
887 3725 937 3778 est
960 3713 1111 3797 profecto
1134 3715 1168 3778 in
1192 3717 1312 3781 virtute
1336 3720 1520 3802 praecipue

404 3825 647 3889 collocandum.
1375 3862 1382 3875 ·

448 3918 676 3983 Nihilominus
691 3917 735 3980 ad
751 3917 838 3980 bene
863 3919 1080 3983 constitutam
1097 3920 1266 3984 civitatem
1284 3923 1518 4005 suppeditatio

403 4043 537 4108 quoque
559 4021 703 4104 pertinet
724 4021 889 4086 bonorum
906 4025 1055 4106 corporis
1077 4033 1179 4106 atque
1195 4033 1421 4104 externorum,
1435 4049 1514 4110 quo-

433 4262 453 4294 1.
467 4247 572 4300 11⁸1120,
584 4247 682 4302 Quaest.
697 4248 763 4300 LXI,
776 4263 797 4294 n.
813 4249 866 4295 lad
877 4263 897 4296 a.
