3364 4928
231 272 284 322 DE
302 271 522 325 PRAECIPUIS
540 275 676 326 CIVIUM
695 273 1015 330 CHRISTIANORUM
1034 279 1205 346 omens.
1250 283 1291 350 19

184 451 417 533 propugnatio
447 470 486 514 ac
504 451 655 515 defensio
685 452 895 536 suscipienda
922 454 1100 536 religionis,
1125 458 1214 538 quod
1242 469 1292 522 est
1325 475 1459 568 Mfflm

184 573 368 618 commune
383 554 511 619 bonum
527 557 725 634 maximum,
737 577 805 640 quo
830 566 909 622 sunt
924 558 1039 622 omnia
1054 559 1292 626 reserenda.--
1357 573 1424 631 1890.
1462 552 1469 563 '

188 657 297 740 idque
311 678 398 740 opus
413 678 486 722 esse
500 660 654 724 ducimus
677 660 849 744 aliquanto
864 681 1035 746 exponere
1055 665 1247 728 accuratius.

234 759 386 824 Proiecto
408 771 442 825 et
459 761 610 826 Ecclesia
625 771 659 828 et
683 764 801 828 civitas
816 784 913 829 suum
929 765 1032 830 habet
1048 775 1189 850 utraque
1204 768 1291 850 prin·
1362 783 1471 853 ueraque

186 864 357 945 cipatum:
373 874 617 948 proptereaque
632 867 665 930 in
681 869 836 950 gerendis
852 868 949 932 rebus
976 870 1045 933 suis
1064 879 1183 935 neutra
1199 879 1293 953 paret
1318 847 1472 948 {iff‘fss‘ssdrss'}

188 965 294 1047 alteri,
309 967 425 1052 utique
455 970 543 1033 intra
572 971 732 1035 terminos
759 991 779 1034 a
805 972 962 1052 proxima
990 973 1151 1057 cuiusque
1175 993 1294 1038 caussa
1317 962 1450 1066 {mg

190 1073 401 1137 constitutos.
425 1074 481 1138 Ex
508 1095 576 1158 quo
606 1085 719 1139 tamen
751 1076 842 1141 nulla
859 1077 986 1142 ratione
1012 1078 1197 1144 disiunctas
1222 1099 1294 1143 esse

191 1177 541 1262 sequitur„multoque
571 1181 681 1244 minus
697 1191 892 1264 pugnantes.
905 1219 949 1230 -
965 1181 1055 1247 Sane
1077 1201 1145 1246 non
1161 1191 1293 1247 tantum

190 1281 290 1345 nobis
313 1293 350 1346 ut
380 1303 529 1346 essemus
559 1293 678 1348 natura
701 1285 806 1363 dedit,
831 1286 889 1349 sed
923 1295 959 1350 ut
993 1286 1113 1350 morati
1137 1305 1293 1352 essemus.

193 1383 309 1466 Quare
320 1405 341 1447 a
356 1384 598 1468 tranquillitate
613 1386 739 1450 ordinis
760 1387 894 1470 publici,
910 1408 1010 1471 quam
1028 1389 1182 1470 proxime
1193 1389 1296 1454 habet
1339 1377 1473 1438 ‘crvtsjus

1321 1441 1390 1485 habet
1409 1444 1472 1484 uta

191 1487 299 1552 civilis
314 1489 506 1554 coniunctio
530 1491 746 1572 propositam,
758 1493 822 1556 hoc
852 1493 937 1576 petit
951 1491 1064 1570 homo,
1080 1502 1117 1557 ut
1131 1492 1217 1557 bene
1232 1492 1294 1558 sibi
1320 1499 1394 1544 civili
1410 1503 1473 1568 rofe-

191 1613 266 1656 esse
282 1591 439 1670 liceat,ac
455 1592 562 1658 multo
578 1594 686 1677 magis
701 1603 737 1659 ut
753 1596 834 1659 satis
846 1596 1002 1678 praesidii
1017 1595 1061 1660 ad
1077 1595 1295 1679 perficiendos
1320 1559 1472 1669 2222&ssss

193 1717 305 1761 mores
331 1698 544 1780 suppeditet:
569 1718 655 1781 quae
681 1698 840 1782 perfectio
856 1721 1020 1782 nusquam
1038 1701 1099 1764 nisi
1124 1701 1158 1765 in
1182 1701 1294 1784 cogni·
1320 1678 1397 1782 w
1426 1680 1474 1782 „fif

192 1803 286 1866 tione
301 1801 453 1866 consistit
469 1811 570 1885 atque
586 1805 826 1868 exercitatione
841 1805 981 1870 virtutis.
999 1805 1105 1872 Simul
1122 1826 1201 1872 vero
1216 1807 1297 1886 vult,
1320 1810 1366 1901 ᾗῇ
1380 1795 1472 1900 affl·

191 1906 228 1968 id
239 1907 330 1990 quod
343 1905 455 1984 debet,
469 1907 662 1972 adiumenta
679 1909 712 1971 in
735 1909 886 1973 Ecclesia
909 1911 1061 1992 reperire,
1072 1930 1214 1994 quorum
1231 1933 1295 1995 ope
1321 1914 1473 2026 'taureas‘-

189 2009 327 2092 pietatis
342 2007 507 2092 perlectae
523 2009 670 2093 perfecto
686 2009 843 2096 fungatur
854 2032 990 2077 munere
1003 2013 1116 2096 :quod
1132 2014 1165 2076 in
1182 2016 1295 2097 cogni·
1320 2033 1407 2092 quippe
1431 2039 1475 2090 per

191 2115 285 2178 tione
308 2132 438 2196 usuque
463 2113 610 2198 positum
635 2123 686 2179 est
707 2135 806 2179 verae
831 2115 1010 2198 religionis,
1029 2135 1116 2198 quae
1143 2115 1296 2200 princeps
1318 2091 1474 2211 ἕζζζηζῖἴ

192 2229 245 2282 est
260 2218 431 2294 virtutum,
446 2226 623 2300 propterea
638 2219 738 2301 quod,
754 2217 950 2283 'revocando
974 2219 1019 2284 ad
1043 2218 1164 2295 Deum,
1179 2219 1295 2300 explet
1321 2213 1413 2319 fffl'm
1421 2217 1473 2269 W·

189 2332 225 2387 et
249 2321 401 2387 cumulat,
432 2321 608 2386 universas.
630 2357 674 2372 -
703 2321 741 2384 ln
778 2321 940 2386 institutis
973 2321 1074 2404 igitur
1100 2320 1295 2405 legibusque

192 2429 383 2493 sanciendis
398 2428 582 2510 spectanda
597 2425 742 2492 hominis
757 2426 887 2492 indoles
898 2437 949 2491 est
966 2426 1099 2490 moralis
1114 2425 1232 2491 eadem
1255 2448 1294 2493 ac
1369 2489 1374 2500 ,
1403 2429 1473 2501 leret

1317 2495 1391 2548 prom
1410 2503 1473 2535 crvc-

190 2533 356 2615 religiosa,
370 2532 587 2614 eiusdemque
613 2531 761 2595 curanda
790 2530 959 2614 perfectio,
976 2532 1043 2618 ‘sed
1078 2543 1166 2598 recte
1192 2540 1295 2614 atque
1320 2548 1471 2654 mmmm

191 2639 329 2702 ordine:
346 2655 406 2700 nec
417 2635 651 2719 imperandum
661 2637 885 2699 vetandumve
894 2635 1078 2718 quidquam
1091 2638 1152 2701 nisi
1164 2638 1294 2702 ratione
1320 2667 1431 2772 ,aff-,m

189 2742 305 2806 habita
327 2740 410 2825 quid
432 2739 520 2804 civili
550 2739 724 2804 hominum
752 2740 904 2804 societati
931 2741 984 2818 sit,
1008 2741 1087 2823 quid
1119 2741 1294 2824 religiosae
1320 2725 1348 2770 ὼ
1373 2731 1407 2772 ””

188 2845 408 2928 propositum.
427 2845 502 2909 Hac
519 2845 592 2927 ipsa
607 2844 650 2908 de
664 2863 782 2909 caussa
797 2864 864 2910 non
892 2854 1003 2927 potest
1027 2845 1197 2910 Ecclesiae
1225 2865 1290 2909 non

190 2953 351 3015 interesse
366 2949 482 3024 quales
497 2949 531 3012 in
553 2947 746 3012 civitatibus
769 2948 903 3012 valeant
929 2948 1030 3031 leges,
1045 2968 1110 3012 non
1127 2959 1292 3032 quatenus

188 3056 232 3119 ad
252 3052 493 3136 rempublicam
510 3050 687 3135 pertinent,
700 3051 759 3116 sed
775 3052 854 3134 quia
870 3049 953 3114 fines
968 3051 1100 3115 debitos
1109 3051 1293 3136 aliquando

187 3165 454 3242 praetergressae
478 3156 512 3219 in
537 3155 587 3219 ius
607 3155 778 3219 Ecclesiae
802 3155 973 3221 invadunt.
998 3154 1088 3239 Quin
1120 3156 1189 3218 imo
1213 3157 1291 3219 resi·

187 3275 286 3339 stete,
301 3263 329 3324 si
350 3258 487 3343 quando
501 3256 626 3322 officiat
642 3258 791 3341 religioni
807 3258 983 3338 disciplina
999 3258 1208 3340 reipublicae,
1222 3270 1291 3325 stu·

189 3367 352 3450 dioseque
378 3363 500 3440 conari,
517 3372 553 3426 ut
576 3363 609 3425 in
634 3362 726 3445 leges
751 3373 785 3426 et
801 3363 954 3427 instituta
969 3363 1169 3446 populorum
1185 3364 1290 3429 virtus
1343 3385 1467 3432 (luderic-

185 3471 349 3554 pervadat
392 3464 577 3549 Evangelii,
601 3485 721 3530 munus
754 3476 805 3531 est
842 3466 1011 3531 Ecclesiae
1037 3467 1244 3549 assignatum
1270 3489 1289 3532 a
1315 3445 1467 3562 ξξξῖαμέξζ

190 3576 277 3639 Deo.
292 3571 531 3665 Quoniamque
553 3568 686 3634 fortuna
711 3569 911 3654 reipublicae
936 3571 1147 3654 potissimum
1173 3591 1218 3635 ex
1234 3592 1288 3635 eo·
1314 3563 1468 3683 jjffiffl·

185 3697 261 3742 rum
277 3675 402 3759 pendet
422 3671 559 3754 ingenio
582 3673 640 3754 qui
663 3672 789 3755 populo
814 3681 981 3755 praesunt,
992 3672 1115 3736 idcirco
1139 3673 1288 3738 Ecclesia
1306 3686 1392 3800 m
1427 3683 1470 3788 εἶπά

186 3778 411 3868 patrocinium
428 3777 469 3841 iis
490 3775 681 3840 hominibus
710 3777 895 3858 gratiamve
911 3777 1069 3859 praebere
1085 3797 1151 3841 non
1168 3787 1289 3859 potest,
1316 3799 1380 3870 aens
1410 3815 1467 3870 quq,

1315 3871 1408 3928 aquius
1431 3874 1466 3905 Cl-

184 3911 207 3954 a
222 3885 345 3972 quibus
368 3879 555 3965 oppugnari
585 3899 658 3943 sese
684 3879 858 3963 intelligat,
889 3881 947 3963 qui
974 3880 1045 3944 iura
1055 3881 1158 3963 ipsius
1184 3881 1288 3945 vereri
1315 3918 1365 3963 νώ·
1404 3925 1467 3977 pm,

187 4002 304 4077 aperte
331 3993 493 4063 recusent,
517 3985 574 4066 qui
607 4004 676 4048 rem
702 4004 831 4048 sacram
857 4003 993 4067 remque
1021 3983 1152 4048 civilem
1168 3994 1287 4048 natura
1311 3983 1467 4095 ,ffiiffl

180 4093 395 4161 consociatas
410 4086 567 4154 divellere
581 4089 795 4152 contendant.
820 4087 946 4153 Contra
966 4085 1102 4166 fautrix,
1117 4089 1165 4152 uti
1178 4087 1287 4166 debet,

181 4220 301 4266 eorum
333 4207 384 4263 est
414 4193 480 4279 qui,
503 4211 578 4254 cum
604 4192 646 4255 de
670 4193 758 4257 civili
783 4193 892 4276 deque
912 4190 1092 4256 christiana
1118 4192 1287 4276 republica

180 4305 276 4392 quod
302 4301 425 4366 sentire
450 4307 576 4364 rectum
605 4306 665 4376 est,
680 4297 743 4379 ipsi
759 4296 914 4373 sentiant,
929 4295 1045 4360 ambas
1067 4295 1101 4360 in
1116 4297 1285 4360 communi
