3352 4926
569 427 911 512 APPENDIX

194 382 220 405 r·
1251 356 1278 425 ξι.

213 415 220 429 ·
1252 404 1259 418 e

198 442 202 457 l
1252 423 1273 443 t(

193 464 220 479 ,ι
1252 452 1278 468 ,ι

212 489 220 503 ⁰
1252 480 1259 493 ι

193 519 219 551 ι..
1252 504 1279 536 .Ἰ

211 567 219 582 ο
1251 529 1272 571 2

197 598 201 609 r
1251 580 1273 596 μ

185 610 218 633 ’·ο
1252 602 1278 620 ,ι

196 660 218 679 2⁶
1251 631 1289 712 ἔῃ

192 684 218 723 r:
1251 682 1258 697 .

1251 706 1258 721 e

196 734 218 774 ³
191 765 329 875 {gquo
346 780 390 839 D.
408 776 545 836 loann.
557 774 636 834 dos.
651 771 766 846 Faiot‚
784 769 991 843 Episcopus
1003 768 1258 844 Brugensts,
1250 713 1290 934 {E

196 886 217 903 Δ
210 936 495 1001 {recurrente
508 944 609 990 anno
623 943 646 988 a
659 930 834 1000 suscepto
851 925 1069 1000 episcopatu
1085 923 1197 1001 XXV,
1250 934 1290 1311 t}

455 1097 553 1157 sacri
569 1095 677 1156 Pallll
690 1094 836 1153 honore
850 1095 1020 1163 augetur.
1375 1156 1405 1200 m

1251 1184 1258 1247 Ξ
1342 1215 1434 1265 JULH

1356 1265 1423 1324 1889.

402 1613 475 1667 tum
489 1601 649 1667 divinitus
661 1607 712 1661 est
721 1597 895 1660 universae
909 1594 1080 1660 Ecclesiae
1093 1596 1240 1678 regimen
1254 1606 1288 1663 et
1312 1614 1417 1660 concess.

405 1704 602 1791 procuratio,
612 1713 645 1766 et
655 1700 776 1783 quibus
789 1699 985 1782 propterea
976 1719 1027 1762 rus
1040 1707 1091 1763 est
1104 1698 1288 1764 Ecclesias-

181 1822 256 1886 ticis
280 1818 361 1882 viris
380 1813 515 1879 honoris
532 1807 676 1890 insignia
691 1804 913 1888 impertiendi,
930 1803 1027 1867 Pallii
1051 1814 1287 1870 ornamentum

381 1394 542 1461 OMANI
566 1389 754 1468 Pontifices,
776 1389 908 1472 quibus,
933 1395 1052 1470 utpote
1078 1388 1173 1454 Beati
1199 1390 1288 1454 Petri
1312 1376 1465 1494 mm

178 1391 370 1769 [ἐξ
402 1498 647 1582 Apostolorum
660 1491 1089 1574 Principissuccessoribus,
1104 1492 1287 1558 demanda·
1312 1495 1464 1625 {jaff

183 2032 281 2094 iuxta
297 2024 468 2090 adhibitas
491 2019 534 2084 ab
558 2017 685 2081 eisdem
713 2015 755 2078 de
770 2011 962 2076 huiusmodi
988 2032 1023 2074 re
1045 2013 1289 2094 postulationes

183 2131 368 2200 concedere
396 2125 516 2201 solent,
540 2121 598 2186 sed
614 2137 690 2182 vere
706 2115 888 2198 aliquando
915 2117 1016 2179 etiam
1044 2115 1231 2200 Episcopis,
1261 2118 1289 2184 si

183 2237 291 2301 iustae
306 2245 494 2314 gravesque
523 2241 661 2287 caussae
684 2220 717 2283 id
749 2217 889 2283 suadere
918 2217 1104 2281 videantur
1137 2218 1182 2282 Et
1207 2240 1289 2286 sane

185 2339 219 2406 S.
238 2333 439 2416 Gregorium
451 2329 614 2408 Magnum
632 2320 1129 2405 EpiscopoAugustodunensi,
1146 2320 1181 2386 S.
1202 2321 1288 2386 Leo-

183 2459 261 2506 nem
280 2437 334 2502 IX
352 2435 524 2519 Episcopo
546 2425 794 2509 Bambergensi,
819 2423 994 2487 recentiori
1010 2432 1121 2488 aetate
1147 2425 1288 2491 Benedi-

184 2553 278 2608 ctum
292 2539 380 2604 XIV
399 2532 635 2617 Herbipolensi
652 2529 832 2611 Episcopo,
847 2536 880 2590 et
893 2527 989 2591 Pium
1004 2526 1055 2590 IX
1068 2527 1288 2595 Decessorem

183 2657 335 2712 nostrum
348 2639 527 2726 Episcopis
539 2633 738 2701 Tridentino
747 2641 781 2696 et
792 2631 1063 2696 Wladislaviensl
1075 2632 1171 2697 Pallii
1183 2633 1304 2698 hono-2

183 2770 253 2815 rem
267 2765 470 2813 concessisse
480 2748 620 2805 constat
635 2739 706 2802 lam
723 2757 801 2800 vero
811 2757 887 2800 cum
899 2736 1002 2818 probe
1018 2736 1218 2815 noverimus,
1230 2738 1290 2818 Te,
1314 2727 1465 2834 mummia

183 2852 396 2919 Venerabilis
426 2849 552 2922 Frater,
581 2846 623 2909 de
647 2842 818 2906 commissi
844 2840 922 2905 Tibi
947 2840 1057 2922 gregis
1089 2840 1197 2905 salute
1218 2843 1289 2906 dies
1314 2793 1465 2908 Brurmsz'sm

185 2967 367 3039 noctesque
390 2953 605 3036 cogitantem,
620 2946 702 3010 nulli
717 2946 833 3009 deesse
855 2944 935 3008 boni
953 2943 1099 3007 Pastoris
1122 2943 1265 3023 officios
1255 2965 1289 3010 m
1316 2907 1468 3014 ssbbl'a‘bm

185 3079 341 3146 quovera
353 3053 512 3140 Episcopi
529 3052 600 3115 laus
615 3047 813 3123 continetur,
829 3055 862 3110 et
877 3045 1021 3109 insideat
1036 3046 1151 3109 animo
1164 3047 1291 3113 Nostro
1316 3033 1398 3078 '‘m'’

185 3178 320 3230 tuorum
351 3164 394 3227 de
419 3169 478 3224 tua
503 3153 659 3221 Dioecesi
677 3151 870 3216 meritorum
898 3150 1094 3228 recordatio,
1123 3151 1291 3235 singulare

185 3268 264 3334 Tibi
280 3282 469 3350 propensae
478 3261 511 3323 in
528 3259 577 3323 Te
593 3257 776 3322 voluntatis
788 3255 934 3318 Nostrae
949 3253 1181 3318 testimonium
1196 3253 1292 3318 exhi-

185 3374 335 3437 bendum
350 3367 550 3433 censuimus.
566 3361 662 3445 Quae
678 3379 754 3424 cum
770 3359 817 3422 ita
833 3357 909 3437 sint,
923 3378 944 3422 a
967 3357 1140 3439 quibusvis
1155 3377 1293 3423 excom·

187 3473 423 3541 municationis
447 3478 481 3533 et
507 3464 685 3541 interdicti,
699 3463 839 3546 aliisque
863 3459 1095 3524 ecclesiasticis
1110 3463 1294 3538 sententiis,

186 3558 339 3645 censuris
351 3587 386 3641 et
401 3572 526 3658 poenis,
543 3568 660 3653 quovis
677 3566 788 3644 modo,
800 3564 851 3629 vel
864 3564 982 3647 quavis
992 3564 1036 3627 de
1047 3583 1164 3628 caussa
1175 3563 1293 3642 latis,si

187 3703 271 3768 quas
284 3681 368 3745 sorte
379 3676 562 3749 incurreris,
574 3672 673 3736 huius
688 3679 822 3734 tantum
840 3666 885 3732 rci
906 3668 1016 3750 gratia
1032 3666 1245 3732 absolventes
1261 3678 1295 3733 et

188 3786 380 3851 absolutum
402 3782 473 3845 iore
495 3787 679 3852 censentes,
694 3774 782 3852 Tibi,
797 3771 1010 3837 Venerabilis
1038 3770 1167 3849 Frater,
1183 3791 1295 3854 perso·

189 3891 299 3954 nalem
323 3887 420 3952 Pallii
445 3903 542 3948 usum
559 3883 592 3945 in
609 3879 792 3944 sollemniis
807 3897 867 3959 per
891 3875 1011 3942 Sacros
1029 3873 1186 3940 Canones
1202 3897 1296 3960 prae-

189 3993 329 4075 scriptis,
367 4000 401 4054 et
433 3989 466 4052 in
496 3983 652 4049 Dioecesi
682 3989 815 4045 tantum
847 3979 1020 4059 Brugensi,
1051 3987 1085 4040 et
1108 3998 1174 4041 non
1206 3979 1296 4059 alibi,

188 4097 404 4162 Auctoritate
421 4091 547 4156 Nostra
570 4084 770 4170 Apostolica
793 4081 1008 4145 concedimus
1025 4091 1059 4145 et
1074 4081 1296 4164 indulgemus.

191 4201 406 4286 Quapropter
436 4195 524 4260 idem
557 4191 709 4268 Pallium,
735 4183 940 4252 Pontificalis
970 4183 1069 4248 officii
1100 4185 1239 4268 insigne,
1254 4188 1297 4252 de

190 4323 331 4388 corpore
347 4300 443 4366 Beati
461 4295 550 4362 Petri
565 4304 748 4377 sumptum,
764 4309 784 4354 a
799 4306 1011 4372 quocumque
1028 4305 1127 4370 quem
1141 4287 1297 4353 malueris
