3362 4944
184 301 237 352 DE
256 301 436 352 SEMlNAR.
459 301 530 351 PRO
549 301 678 353 ITALIA
696 303 825 354 SUPER.
847 303 979 354 ROMAE
996 301 1168 354 CONSTIT.
1208 301 1274 372 125

163 479 288 544 militia
303 478 486 557 iuvenibus,
502 490 539 545 ut
554 479 669 545 oblata
684 483 939 564 opportunitate
954 482 1097 565 impigre
1120 489 1278 546 utantur:
1313 485 1453 576 DgggMB·

162 583 333 675 simulque
356 603 416 665 spe
440 583 602 662 ducimur,
625 585 757 666 piorum
783 585 929 650 virorum
957 584 1192 649 liberalitatem
1210 603 1276 648 non
1348 585 1415 640 1890·

162 688 358 753 defuturam
374 687 416 752 ad
428 687 506 752 novi
516 688 685 752 seminarii
701 688 914 770 praesidium,
924 689 1072 772 fulgente
1082 688 1277 772 praesertim
1294 693 1458 764 stainjam

164 791 332 855 maiorum
363 790 531 873 exemplo,
560 791 618 874 qui
649 790 731 856 olim
762 792 806 855 ad
837 789 969 874 collegii
1004 791 1206 856 erectionem
1244 799 1279 854 et
1300 760 1455 860 mm·

163 895 318 971 tutelam,
342 893 483 958 illustria
507 913 586 958 suae
618 892 859 960 beneticentiae
891 903 1112 960 monumenta
1138 893 1279 976 relique.

164 1005 252 1059 runt

212 1097 338 1166 Omnia
354 1100 490 1164 demum
513 1119 602 1183 quae
625 1099 717 1164 hisce
744 1099 863 1165 litteris
891 1100 1026 1167 Nostris
1049 1099 1229 1166 statuimus
1245 1107 1280 1164 et

164 1201 410 1267 declaravimus
437 1212 510 1267 rata
536 1223 575 1266 ac
603 1202 698 1267 firma
726 1203 774 1267 uti
800 1213 889 1281 sunt,
904 1205 952 1268 ita
966 1203 1000 1267 in
1016 1212 1190 1287 posterum
1207 1222 1280 1268 esse

164 1305 322 1370 volumus
336 1326 375 1370 ac
391 1305 554 1384 iubemus,
574 1306 702 1370 irritum
719 1315 753 1372 et
769 1308 869 1371 inane
885 1307 1033 1372 futurum
1051 1309 1279 1380 decernentes,

163 1411 193 1473 si
209 1410 290 1492 quid
307 1429 407 1493 super
421 1410 474 1475 his
489 1430 509 1474 a
524 1429 696 1494 quoquam
712 1412 891 1494 contigerit
919 1413 1087 1490 attentari,
1103 1411 1279 1478 contrariis

163 1511 433 1595 quibuscumque
449 1533 516 1578 non
533 1513 758 1579 obstantibus.

211 1615 340 1681 Datum
372 1617 503 1681 Romae
533 1619 624 1699 apud
657 1617 692 1682 S.
721 1617 856 1682 Petrum
888 1617 951 1682 sub
975 1617 1077 1683 anulo
1101 1619 1280 1685 Piscatoris

166 1720 224 1784 die
250 1733 286 1801 15
306 1722 502 1786 Decembris
529 1724 622 1802 1890,
648 1721 867 1787 Pontificatus
893 1723 1009 1788 Nostri
1035 1743 1125 1788 anno
1147 1725 1280 1789 decimo

167 1831 278 1889 tertio.
605 1911 652 1976 M.
676 1911 792 1977 cns.
817 1910 1192 1980 rsoocnowsttr.
