3354 4938
453 277 523 342 224
627 269 773 320 LITTER.
795 269 920 320 APOST.
946 259 1063 319 “NON
1083 269 1202 320 MAIUS
1226 268 1337 318 NOBIS
1359 303 1377 331 ‚,

272 449 427 568 1,ξὲᾒὲᾗῖιᾶ
448 470 521 513 rum
547 449 692 511 virorum
717 445 929 528 legationem,
953 448 996 511 ad
1022 447 1232 530 obsequium,
1256 445 1367 522 fidem,
1394 444 1560 528 pietatem

273 570 416 636 Gregorius
448 573 542 616 suam
567 571 647 633 erga
664 549 899 631 Apostolicam
928 549 1051 616 Sedem
1076 550 1313 615 declarandam
1332 549 1465 612 mittere
1489 567 1559 611 non

271 630 423 746 {illm
448 657 643 721 dubitarunt
658 677 664 732 ;
680 674 768 737 quae
785 653 907 734 legatio
929 674 975 717 ex
999 656 1118 719 ultima
1142 654 1291 722 Orientis
1317 654 1455 736 regione
1481 673 1561 734 pro-

271 747 423 860 mtam
448 763 543 839 fecta,
575 759 674 822 nullis
704 767 782 822 ante
814 759 955 822 saeculis
985 759 1065 836 visa,
1095 778 1217 844 genere
1248 779 1309 823 suo
1339 757 1561 841 amplissima,

448 880 606 944 magnam
634 860 667 922 in
690 859 752 921 hac
780 860 860 922 urbe
885 861 976 941 apud
1004 878 1121 923 omnes
1147 859 1280 923 ordines
1297 858 1559 922 admirationem

295 967 425 1070 “Sittff
447 961 1560 1044 habuit,celebritatem,gratulationem.Clarissimosvirossummo

270 1041 421 1132 iiiimmi]
447 1070 521 1132 lnco
539 1080 635 1132 natos
653 1066 810 1130 Pontifex
838 1067 1012 1130 Maximus
1033 1068 1065 1130 in
1083 1066 1290 1150 amplissimo
1308 1065 1342 1131 S.
1360 1065 1401 1130 R.
1418 1066 1458 1132 E.
1475 1065 1558 1132 Car·

266 1151 317 1204 pm·
447 1172 608 1237 dinalium
635 1181 811 1246 conventu,
840 1172 872 1232 in
905 1190 1028 1254 magna
1060 1171 1250 1252 Principum
1283 1170 1559 1253 Antistitumque

445 1274 642 1356 frequentia,
657 1293 789 1336 summo
805 1272 955 1336 omnium
973 1273 1129 1338 ordinum
1146 1274 1259 1337 studio
1278 1281 1312 1336 et
1338 1273 1560 1337 celeberrimo

446 1380 617 1454 comitatu,
648 1377 825 1459 praecipua
857 1397 933 1440 cum
966 1377 1210 1460 significatione
1240 1376 1498 1442 benevolentiae
1524 1387 1559 1441 et

445 1483 705 1546 existimationis
721 1483 858 1563 accepit,
875 1482 966 1545 omni
983 1503 1050 1563 quo
1066 1493 1212 1563 parerat
1229 1481 1338 1546 officio
1354 1491 1557 1565 prosecutus

444 1597 514 1650 est:
542 1587 745 1668 eosdemque
772 1585 891 1649 Sixtus
907 1586 1008 1650 chi
1036 1583 1251 1667 pontificatus
1277 1586 1448 1649 maximus
1475 1596 1557 1668 post

445 1690 643 1771 Gregorium
661 1691 792 1752 delatus
808 1699 867 1766 est,
879 1709 1011 1753 summo
1023 1690 1057 1752 in
1071 1689 1196 1753 honore
1211 1690 1338 1765 habuit,
1350 1699 1384 1754 et
1400 1690 1435 1752 in
1452 1691 1558 1770 patri·

445 1796 530 1856 ciam
547 1794 638 1856 urbis
654 1793 874 1870 nobilitatem,
890 1813 957 1875 qua
973 1803 1069 1857 erant
1094 1793 1169 1856 fidei
1194 1802 1227 1857 et
1246 1795 1378 1876 generis
1394 1793 1561 1874 claritate,

446 1907 622 1978 cooptatos
638 1897 754 1961 voluit.

491 2002 556 2066 Sed
575 2011 704 2064 tantam
729 2002 815 2064 hanc
840 2001 886 2063 rei
912 2001 1112 2065 christianae
1135 2004 1168 2066 in
1194 2002 1335 2085 laponia
1351 2003 1558 2084 prosperita-

268 2109 419 2213 cffl'jfasss
446 2116 524 2182 tem,
551 2107 660 2187 gravis
691 2106 875 2168 admodum
907 2106 1042 2188 excepit
1072 2108 1257 2190 insequutis
1288 2107 1498 2188 temporibus
1523 2117 1560 2171 et

270 2227 419 2296 isqaepnn.
447 2219 545 2282 foeda
561 2227 753 2300 tempestas,
777 2219 977 2281 Taicosama
1002 2219 1141 2300 aliisque
1168 2219 1327 2299 deinceps
1346 2219 1560 2299 Principibus

268 2289 367 2346 ‘'pm‘'
445 2321 688 2403 imperantibus
703 2320 887 2384 catholicae
907 2320 1058 2402 religioni
1087 2319 1233 2396 infensis,
1262 2331 1295 2384 et
1318 2322 1361 2384 ab
1377 2341 1416 2383 ea
1432 2321 1561 2384 huma-

446 2428 551 2488 nitate
576 2425 675 2505 longe
700 2423 964 2502 abhorrentibus,
985 2446 1028 2487 ex
1056 2445 1121 2507 qua
1148 2445 1214 2488 non
1242 2425 1366 2508 exigua
1380 2424 1444 2487 hoc
1467 2443 1561 2487 aevo

447 2529 608 2610 laponico
627 2527 773 2606 Imperio
790 2527 896 2606 gloria
912 2527 1086 2590 redundat.

293 2661 353 2691 sava
366 2655 419 2705 per·
492 2633 573 2694 Eius
600 2631 689 2692 enim
717 2629 897 2692 acerbitate
922 2632 1082 2712 temporis
1111 2651 1177 2693 non
1201 2633 1234 2694 in
1257 2641 1415 2695 externos
1442 2633 1557 2698 solum

268 2713 419 2810 {iiiiii-‘ii
446 2739 634 2799 sacerdotes
657 2744 691 2797 et
719 2733 891 2815 religiosos
918 2735 1015 2811 viros,
1032 2736 1089 2798 sed
1118 2737 1151 2800 in
1179 2737 1270 2818 ipsos
1288 2736 1558 2818 Iaponioscives

268 2825 397 2871 “mvi“
444 2840 628 2904 catholicae
653 2835 730 2899 fidei
756 2837 988 2900 excindendae
1013 2858 1139 2914 caussa,
1163 2860 1269 2922 usque
1284 2841 1369 2903 adeo
1385 2841 1556 2906 saevitum

444 2953 502 3020 est,
532 2955 567 3007 ut
595 2941 709 3004 fideles
737 2945 910 3004 turmatim
935 2941 1144 3005 carnificibus
1167 2945 1461 3008 obiicerentur:at
1477 2964 1557 3008 cru-

443 3048 559 3123 ciatus,
574 3045 703 3120 caedes,
726 3053 867 3107 terrores
893 3063 959 3106 non
988 3045 1030 3107 ad
1053 3043 1321 3110 labefactandam
1338 3067 1454 3109 eorum
1470 3065 1559 3110 con·

444 3153 612 3229 stantiam,
630 3150 687 3212 sed
705 3149 745 3212 ad
764 3149 996 3212 illustrandam
1015 3151 1163 3233 martyrii
1181 3151 1294 3232 palma
1313 3152 1461 3230 ipsorum
1487 3153 1561 3216 vir-

444 3267 550 3319 tutem
564 3255 703 3316 valuere.
717 3252 871 3315 Tandem
889 3250 1041 3315 fidelibus
1059 3255 1114 3336 qui
1131 3253 1217 3316 cladi
1229 3253 1460 3335 superfuerant
1477 3265 1558 3320 tum

444 3361 571 3422 civibus
588 3369 658 3420 tum
676 3357 801 3420 exteris
818 3378 836 3419 e
854 3357 995 3438 laponia
1012 3359 1124 3422 eiectis
1137 3359 1335 3437 exturbatis,
1348 3359 1561 3441 publicoque

445 3463 556 3524 edicto
573 3461 745 3542 proposito
762 3459 871 3522 necui
888 3460 1089 3524 catholicam
1106 3461 1300 3542 religionem
1326 3481 1485 3524 exercere
1501 3463 1559 3526 ius

445 3568 560 3646 fasque
577 3575 672 3638 esset,
684 3573 848 3645 quantum
865 3565 1035 3628 christiani
1052 3566 1197 3629 nominis
1213 3567 1247 3627 in
1264 3585 1304 3628 ea
1319 3567 1457 3647 regione
1471 3579 1564 3644 erat,

445 3670 593 3733 deletum
612 3669 744 3749 penitus
761 3677 795 3730 et
811 3667 999 3729 extinctum
1016 3669 1123 3730 visum
1142 3677 1201 3732 est.

301 3784 418 3829 sarraca
490 3775 733 3836 Verumtamen
750 3790 826 3834 cum
844 3771 953 3851 plures
967 3782 1043 3853 post
1059 3792 1164 3835 annos
1188 3773 1404 3836 adversorum
1421 3781 1564 3858 tempo-

268 3845 421 3959 martiam
446 3897 519 3941 rum
545 3876 681 3939 flamma
705 3876 894 3952 remisisset,
933 3875 1014 3937 nihil
1040 3875 1209 3956 antiquius
1235 3874 1296 3939 suit
1321 3878 1564 3944 de⁰0⁵⁵0fib¹¹⁵

268 3970 419 4078 {2222}ss
447 3981 589 4057 Nostris
612 3998 712 4061 quam
739 3998 800 4059 pro
824 3997 885 4041 suo
910 3997 1046 4041 munere
1070 3997 1206 4060 operam
1233 3980 1312 4042 dare
1338 3981 1500 4064 collapsis
1528 3987 1564 4050 in

269 4080 419 4197 ζιζῇξζζῖξ
448 4084 588 4166 laponia
614 4080 783 4163 religionis
807 4083 905 4145 rebus
933 4082 1146 4145 restituendis
1173 4092 1205 4146 et
1246 4086 1449 4168 evangelicis
1474 4110 1565 4174 ope.

269 4212 309 4249 ns,
446 4188 539 4248 ratiis
564 4187 751 4248 excitandis
778 4184 821 4248 ad
845 4187 1085 4266 capessendum
1109 4185 1347 4266 Apostolicum
1375 4209 1505 4255 munus
1527 4207 1567 4258 et

448 4290 571 4354 Christi
602 4290 744 4352 militum
777 4289 833 4371 qui
861 4289 998 4352 mactati
1030 4290 1160 4354 fuerant
1187 4293 1300 4372 copias
1323 4294 1566 4378 redintegran.
