3354 4938
208 1059 332 1149 mh„
441 1149 443 1156 Ι
567 1061 799 1130 ENEVOLO
815 1061 1000 1144 libentique
1014 1061 1129 1126 animo
1144 1062 1335 1146 accepimus
1350 1061 1478 1128 litteras

240 1157 296 1216 1891
315 1267 320 1278 Ι
372 1061 558 1438 {iffi}
585 1177 671 1245 tuas,
696 1165 820 1284 amoris
834 1173 869 1230 et
884 1163 984 1228 officii
1000 1164 1127 1248 plenas,
1151 1167 1286 1250 unaque
1300 1165 1476 1285 exemplar

247 1268 347 1314 &alm
587 1279 729 1335 recentis
752 1278 832 1333 tuae
855 1267 898 1332 ad
922 1267 1047 1332 clerum
1071 1276 1106 1333 et
1131 1267 1294 1352 populum
1315 1267 1478 1352 epistolae

190 1327 346 1506 :ZZZ
586 1373 626 1438 de
639 1371 830 1455 quaestione,
845 1379 883 1435 ut
898 1371 1001 1449 aiunt,
1012 1371 1168 1454 optficum.
1188 1409 1233 1422 -
1242 1371 1356 1438 Valde
1372 1371 1478 1438 NobIS

193 1386 299 1447 mpion'
325 1400 347 1431 e-

192 1505 291 1552 omes
313 1503 348 1550 aa
371 1491 506 1565 gratum
522 1489 581 1556 est,
602 1488 639 1543 ut
657 1477 800 1561 ipsemet
821 1474 917 1539 sacile
933 1475 1108 1560 intelliges,
1124 1496 1260 1560 operam
1277 1478 1387 1542 abste
1406 1476 1478 1541 dari

192 1564 344 1684 ssmfflfffi
372 1583 583 1668 exponendis
605 1579 887 1663 enucleandisque
911 1580 1099 1664 praecipuis
1121 1580 1295 1646 doctrinae
1310 1580 1477 1665 capitibus

193 1683 283 1788 ῥῖψ’
297 1697 346 1802 ἐξ·
371 1709 458 1774 quae
470 1689 513 1754 ad
525 1705 679 1751 caussam
689 1693 759 1749 tam
771 1683 1102 1749 vehementeraetate
1114 1683 1178 1748 hac
1189 1693 1303 1750 nostra
1313 1686 1476 1768 agitatam

193 1802 256 1872 scari
276 1801 346 1872 ,Nan-
371 1801 542 1877 spectant;
556 1787 723 1872 similique
735 1788 839 1853 modo
854 1788 1036 1870 probamus
1046 1788 1137 1872 quod
1154 1789 1367 1872 praecipuam
1379 1807 1477 1872 geras

193 1873 298 1907 mensu.
371 1915 485 1962 curam
510 1896 553 1959 de
569 1893 608 1958 iis
634 1890 856 1975 provehendis
881 1891 915 1955 in
938 1901 997 1956 tua
1022 1891 1168 1957 dioecesi
1193 1892 1360 1976 operibus,
1389 1913 1477 1977 quae

206 2019 345 2080 Comprobat
373 1999 486 2082 magni
496 1997 656 2081 prolecto,
670 1996 734 2061 hac
745 1996 819 2078 ipsa
834 1995 867 2060 in
879 2015 922 2074 re,
934 1997 1097 2061 momenti
1113 2005 1200 2064 sunt
1213 1997 1264 2063 Ea
1276 1998 1475 2064 nomInatim

193 2079 346 2198 ᾗῖζᾚω.
375 2101 592 2184 intelligimus
621 2117 708 2182 quae
737 2107 817 2163 sunt
840 2118 862 2163 a
887 2107 922 2162 te
947 2107 1137 2181 opportune
1167 2101 1301 2184 provisa
1326 2109 1399 2166 tum
1429 2103 1474 2166 ad

194 2197 349 2302 fjjnl’ffl
374 2215 566 2290 promptam
576 2212 611 2268 et
625 2202 779 2282 alacrem,
794 2204 843 2267 uti
858 2211 993 2285 tempus
1008 2203 1166 2285 postulat,
1181 2204 1261 2269 cleri
1276 2205 1475 2271 industriam

194 2315 346 2420 fflffci·
375 2310 601 2385 excitandam,
621 2317 695 2370 tum
719 2305 763 2370 ad
789 2304 1041 2384 sublevandam,
1068 2326 1175 2372 novae
1201 2307 1387 2375 sodalitatis
1402 2329 1477 2393 ope,

195 2438 248 2503 aa
264 2434 300 2479 aa
320 2447 347 2478 a·
376 2415 531 2478 miseram
547 2429 663 2475 eorum
679 2409 906 2474 conditionem
922 2409 980 2493 qui
996 2419 1142 2477 aetatem
1165 2411 1199 2476 in
1214 2414 1303 2497 agris
1329 2413 1477 2481 colendis

191 2493 348 2598 mm
375 2518 513 2600 degunt.
540 2515 747 2598 Magnopere
765 2513 904 2578 velimus
919 2512 990 2578 eius
1014 2515 1147 2597 generis
1160 2517 1358 2584 sodalitates
1372 2537 1474 2601 quam

195 2610 329 2716 Imm
376 2619 443 2686 late
454 2617 643 2702 propagari,
656 2615 782 2700 quippe
794 2635 876 2699 quas
887 2625 921 2682 et
933 2617 976 2681 ad
994 2616 1176 2683 minuenda
1193 2621 1282 2686 mala
1293 2620 1413 2705 quibus
1427 2632 1482 2688 tot

196 2727 326 2834 πώνη-
377 2723 486 2788 miseri
497 2719 637 2784 obnoxii
649 2728 737 2797 sunt,
749 2728 782 2783 et
798 2719 841 2784 ad
852 2718 997 2784 fovenda
1012 2721 1100 2785 inter
1110 2723 1274 2806 agricolas
1285 2724 1480 2790 christiana·

273 2847 348 2918 crpus
377 2845 450 2892 rum
467 2823 626 2890 virtutum
642 2822 763 2898 studia,
779 2841 845 2887 non
867 2842 986 2905 parum
1002 2843 1178 2889 censemus
1194 2826 1340 2892 idoneas
1356 2865 1400 2878 —
1416 2827 1482 2893 His

193 2919 349 3013 mla*
376 2928 490 3012 itaque
504 2928 547 2993 de
563 2927 661 2990 rebus
677 2926 748 3006 tibi,
757 2925 969 2991 Venerabilis
985 2926 1111 3006 Frater,
1123 2929 1283 2996 maiorem
1293 2931 1327 2996 in
1344 2933 1481 2998 modurn

197 3024 349 3096 'mm'
375 3031 600 3117 gratulamur;
624 3029 804 3113 Deumque
828 3029 929 3094 enixe
958 3030 1179 3113 adprecamur
1206 3043 1243 3099 ut
1273 3033 1478 3118 episcopales

193 3096 253 3142 ‘W‘
272 3089 345 3143 ‘um
377 3136 506 3202 labores
522 3142 598 3199 tuos
613 3130 783 3197 cumulare
809 3130 890 3199 velit
905 3132 1081 3198 uberrimis
1098 3135 1353 3224 lectissimisque
1368 3137 1480 3204 fructi-

376 3240 448 3306 bus.
463 3237 667 3303 Caelestium
679 3257 759 3300 vero
775 3255 950 3302 munerum
967 3237 1147 3321 auspicem,
1162 3249 1197 3305 et
1211 3251 1371 3324 paternae
1386 3263 1480 3324 prae-

377 3341 561 3423 cipuaeque
595 3337 848 3404 benevolentiae
888 3339 1035 3405 Nostrae
1074 3350 1207 3420 testem,
1245 3342 1481 3428 Apostolicam

376 3443 645 3511 benedictionem
670 3443 742 3522 tibi,
767 3443 978 3510 Venerabilis
995 3445 1122 3526 Frater,
1147 3449 1368 3536 universoque
1391 3451 1482 3517 clero

377 3559 411 3615 et
426 3546 552 3631 populo
568 3555 645 3612 tuac
661 3547 823 3611 dioecesis
834 3557 1048 3632 peramanter
1058 3551 1277 3634 impertimus.

419 3651 548 3718 Datum
565 3651 696 3716 Romae
712 3651 802 3733 apud
816 3651 850 3718 S.
861 3652 996 3718 Petrum
1012 3655 1067 3718 die
1084 3669 1104 3736 7
1123 3655 1237 3721 Martii
1256 3659 1348 3740 1891,
1365 3657 1480 3726 Ponti·

376 3756 494 3823 licatus
511 3754 627 3821 Nostri
642 3773 733 3820 anno
748 3755 881 3820 decimo
898 3767 1026 3840 quarto.

1100 3903 1197 3973 LEO
1212 3907 1275 3975 PP.
1290 3907 1392 3973 XIII.
