3352 4926
424 293 497 362 290
775 291 897 341 musx
924 289 1175 342 susurrium.

1472 439 1526 490 Peg.

491 516 739 587 peregrinantibus
753 519 884 586 Romam,
897 525 957 573 tum
972 517 1001 572 id
1014 534 1072 572 non
1091 517 1259 585 valentibus,
1270 517 1459 588 indulgentias

491 595 641 650 animabus
654 596 828 666 patientibus
842 596 870 650 in
883 597 1049 668 purgatorio
1061 597 1221 667 profuturas
1243 609 1300 665 145.

456 709 508 760 37.
543 708 751 758 EPlSTOLA
771 709 814 760 ad
839 711 1049 762 salvatorem
1076 709 1368 772 Arehleplscopum
1399 711 1462 760 Ge-

422 808 582 848 uuensem
596 798 637 847 de
657 797 749 848 iestis
766 800 803 848 in
824 798 983 849 honorem
1003 797 1229 860 christophori
1249 780 1412 848 Columbl.
1426 823 1462 834 -

423 881 621 947 lojanuarll
638 884 747 936 1891...
1483 883 1531 948 146

528 986 659 1041 Pontifex
675 988 774 1043 laudat
791 988 906 1058 egregie
918 989 992 1044 festa
1006 989 1033 1043 in
1048 990 1188 1043 honorem
1203 988 1307 1042 Christ.
1328 989 1460 1044 Columbi

493 1066 601 1120 Genuae
620 1066 791 1122 celebranda
810 1069 898 1124 modo
921 1084 1047 1138 congruo
1069 1066 1158 1122 indoli
1178 1065 1250 1121 tanti
1269 1066 1321 1121 viri
1346 1068 1404 1131 146.
1425 1100 1461 1109 -

494 1145 613 1215 Incepta
627 1146 758 1200 Columbi
771 1145 936 1217 evangelico
955 1145 1056 1217 spiritu
1069 1146 1156 1200 ducta
1170 1144 1228 1210 146.
1242 1175 1277 1184 -
1296 1147 1458 1204 Catholicae

491 1223 550 1277 fore
564 1224 741 1279 columbinas
754 1225 952 1281 solemnitates
964 1226 1043 1280 haud
1055 1225 1166 1280 dubitat
1182 1224 1240 1290 146.

456 1335 507 1386 38.
530 1337 739 1389 EPISTOLA
758 1339 801 1388 ad
816 1339 1026 1390 cardinalem
1052 1337 1218 1397 Parooohl,
1241 1337 1340 1390 Urbis
1360 1339 1460 1389 Vica-

421 1425 519 1482 rlnm,
534 1427 566 1473 et
580 1425 622 1474 ad
635 1424 809 1476 Curatores
821 1427 1037 1476 Saeeularlnm
1050 1425 1256 1476 solemnium
1269 1425 1299 1474 S.
1315 1425 1458 1488 Gregorii

422 1513 548 1576 Magni.
569 1536 604 1545 -
623 1511 661 1562 10
675 1511 834 1563 februarii
851 1513 959 1564 1891...
1482 1509 1533 1575 148

527 1619 657 1674 Pontifex
671 1629 791 1674 testatur
802 1618 981 1688 gratissimas
991 1619 1046 1673 sibi
1061 1619 1121 1674 fore
1134 1615 1328 1674 solemnitates
1342 1621 1458 1674 saecula·

492 1713 536 1750 res
551 1698 681 1767 Gregorii
697 1697 795 1768 Magni
814 1699 851 1752 ad
871 1698 1043 1753 Cathedram
1058 1700 1133 1755 Petri
1147 1699 1320 1758 erectionem
1333 1701 1458 1753 recolen-

492 1784 535 1829 tes
551 1777 608 1842 148.
622 1805 658 1816 -
672 1778 783 1832 Laudes
797 1777 965 1848 perillustris
978 1779 1021 1832 sui
1032 1778 1192 1836 decessoris
1205 1778 1275 1834 dicit
1288 1779 1345 1844 148.
1359 1806 1394 1816 -
1407 1777 1458 1832 So-

493 1855 686 1912 lemnitatibus
715 1857 887 1912 celebranda
912 1867 977 1912 sunt
1003 1859 1075 1913 tanti
1099 1859 1245 1916 Pontificis
1270 1858 1406 1926 exempla,
1430 1872 1459 1913 et

495 1933 596 1988 Romae
614 1935 763 1990 catholicae
785 1936 910 2005 dignitas
929 1937 986 2003 148.
999 1967 1033 1977 —
1054 1939 1169 2008 Magnae
1189 1939 1256 1994 inde
1275 1937 1372 2006 gratiae
1394 1939 1460 1992 Deo

494 2015 581 2070 totius
603 2017 671 2072 boni
690 2019 799 2074 auctori
822 2019 950 2088 agendae,
969 2031 1055 2092 atque
1073 2021 1170 2091 inclyti
1195 2017 1338 2073 Pontificis
1360 2034 1459 2072 monu-

494 2105 592 2150 menta
616 2098 738 2152 colenda
758 2113 814 2165 149.
837 2125 873 2135 -
893 2100 965 2168 Qnae
986 2100 1033 2170 pie
1055 2100 1211 2170 recogitata
1231 2096 1363 2168 praesenti
1381 2098 1460 2152 aetati

494 2176 641 2246 multiplici
656 2176 736 2231 titulo
751 2176 881 2246 perutilia
894 2187 976 2233 erunt
992 2193 1049 2247 149.
1063 2209 1098 2218 -
1121 2178 1241 2234 Utinam
1263 2177 1365 2231 intuitu
1377 2177 1460 2230 meri-

494 2265 586 2310 torum
600 2257 729 2326 Gregorii
745 2257 824 2310 Deus
838 2257 1000 2311 Ecclesiam
1010 2257 1141 2329 procellis
1154 2257 1256 2327 eripiat
1272 2268 1394 2325 149-150.

458 2389 511 2441 39.
533 2387 772 2439 ALLOCUTIO
786 2388 828 2438 ad
842 2390 871 2438 S.
889 2391 928 2438 R.
945 2389 981 2439 E.
999 2390 1191 2442 cardinales
1203 2390 1244 2440 de
1258 2389 1458 2438 Pontificatu

424 2476 567 2538 Gregorii
589 2475 714 2537 Magni,
737 2477 790 2526 sul
813 2477 1032 2527 Pontllieatus
1053 2477 1190 2540 glorioso
1211 2475 1401 2538 exemplari.
1425 2499 1462 2508 -

424 2563 571 2614 2martll
592 2561 675 2613 1891.
1486 2572 1536 2628 151

530 2664 669 2719 Praeteriti
693 2664 759 2719 anni
777 2668 923 2736 angustias
944 2685 1117 2736 memorans,
1138 2664 1267 2721 Pontifex
1288 2683 1394 2721 annum
1412 2683 1462 2720 no-

495 2761 562 2800 vum
576 2744 620 2797 vix
632 2743 799 2799 laustiorem
813 2756 943 2816 expectat
960 2759 1016 2816 151.
1026 2777 1062 2786 -
1074 2748 1149 2802 Vota
1163 2747 1191 2800 S.
1206 2745 1334 2815 collegii,
1355 2746 1463 2814 Grego-

495 2824 537 2878 rio
552 2823 660 2891 Magno
674 2823 835 2892 commissa,
851 2836 998 2895 pergratus
1012 2825 1227 2894 accipit151.-
1243 2826 1386 2895 Tempora
1398 2841 1461 2894 pre·

495 2903 587 2958 sentia
600 2903 775 2971 temporibus
793 2903 923 2973 Gregorii
937 2905 1014 2958 haud
1031 2903 1182 2958 dissimilia
1194 2903 1340 2974 profitetur
1355 2916 1413 2973 151.
1427 2933 1464 2942 ——

496 2981 612 3037 Confert
622 2981 763 3053 utrimque
775 2982 874 3036 hostes
884 2982 1015 3037 Pontifici
1030 2983 1224 3037 devincendos
1238 2994 1296 3051 151.
1306 3012 1341 3021 -
1350 2983 1461 3037 Laudat

495 3062 585 3115 zelum
597 3071 626 3114 et
635 3077 721 3130 opera
736 3059 864 3129 Gregorii
877 3062 984 3129 Magni,
995 3079 1013 3115 a
1025 3061 1127 3132 quibus
1141 3059 1202 3131 ipse
1212 3063 1357 3130 exemplar
1365 3079 1462 3132 sump-

497 3140 540 3206 sit,
561 3140 588 3192 111
603 3139 729 3208 Oriente,
743 3139 771 3192 in
790 3140 895 3208 Anglia
917 3153 973 3209 152.
993 3171 1028 3180 —
1049 3141 1089 3195 Ut
1111 3141 1168 3194 Leo
1191 3141 1314 3210 Magnus
1332 3142 1463 3208 Attilam,

497 3218 651 3287 Gregorius
663 3219 847 3289 Agilulphum
862 3220 899 3273 ab
920 3219 1003 3273 ltalia
1014 3219 1163 3289 continuit,
1183 3229 1212 3274 et
1224 3221 1359 3290 populum
1380 3237 1462 3275 suum

495 3316 514 3352 a
526 3297 721 3350 vexationibus
735 3298 885 3351 bizantinis
902 3296 1057 3352 vindicavit
1074 3310 1181 3367 151-
1196 3299 1262 3367 lpse
1285 3296 1391 3369 pariter
1405 3300 1465 3352 lta-

496 3377 564 3430 liam
577 3392 594 3428 a
607 3375 738 3444 pessimis
751 3375 874 3431 inimicis
884 3377 1005 3431 liberare
1018 3389 1138 3434 conatur
1153 3393 1163 3431 1
1170 3390 1277 3447 52·133.
1290 3407 1324 3416 -
1336 3377 1376 3432 Ut
1393 3377 1463 3432 olim

498 3455 660 3521 Gregorius,
671 3464 699 3508 et
710 3455 771 3524 ipse
789 3473 840 3524 pro
859 3455 991 3510 libertate
1011 3467 1110 3511 contra
1124 3456 1288 3512 servitutem
1306 3455 1466 3512 decertavit

498 3533 525 3586 in
541 3532 661 3586 Brasilia
680 3534 813 3601 deletam,
827 3532 855 3588 in
870 3534 966 3588 Africa
979 3535 1140 3604 delendam,
1153 3552 1208 3606 ope
1222 3535 1339 3606 quidem
1350 3535 1466 3604 religio-

496 3610 540 3666 nis
556 3623 659 3680 155-
674 3612 750 3669 Huic
762 3629 850 3682 scopo
864 3613 1071 3668 munificentias
1090 3613 1157 3668 anni
1179 3613 1307 3684 jubilaris
1327 3614 1464 3668 instantis

496 3707 629 3759 maguam
643 3702 753 3760 partem
767 3693 902 3747 attribuet
919 3708 928 3746 1
936 3705 948 3761 5
952 3708 975 3760 3.
990 3723 1025 3732 -
1041 3693 1177 3748 invocato
1191 3693 1330 3762 Gregorio
1344 3693 1464 3764 Magno,

497 3770 525 3826 S.
540 3769 668 3839 Collegio
681 3771 827 3826 benedicit
840 3784 897 3840 153.

461 3883 517 3934 40.
538 3883 746 3934 EPISTOLA
769 3885 812 3935 ad
837 3884 1048 3936 cardinalem
1075 3886 1284 3938 Frederionm
1304 3886 1467 3938 Fiirsten-

425 3971 510 4034 berg,
529 3971 726 4035 lirohleplsc.
743 3972 1007 4033 olomucensem,
1032 3977 1064 4024 et
1083 3974 1297 4023 Franciscum
1316 3987 1336 4022 a
1357 3975 1468 4025 Paula
1492 3987 1497 3996 ·

426 4059 624 4119 Schbnborn,
641 4061 840 4122 Arehlsplso.
857 4062 1064 4124 pragensem,
1077 4064 1110 4113 et
1121 4061 1324 4112 venerabiles
1335 4062 1468 4114 Fratres

426 4145 623 4208 Archlepiso.
641 4150 674 4195 et
695 4147 802 4208 Eplso.
829 4149 966 4208 imperii
988 4149 1163 4202 Austriacl.
1191 4148 1239 4198 De
1257 4146 1466 4210 quibusdam

428 4228 594 4292 capitibus
606 4232 791 4293 congressui
805 4232 1005 4285 Antistltum
1016 4234 1362 4285 commendandis-3
1377 4246 1466 4286 mar·-

427 4317 603 4367 1111891...
1489 4333 1547 4388 154
