3362 4944
243 286 294 337 DE
313 285 495 338 STATUTIS
514 285 716 338 SEMINARII
735 285 921 338 COMlLLAS
941 285 1167 339 PROBANDIS.
1219 287 1286 358 133

180 454 332 538 superius
347 454 380 518 in
397 455 449 519 his
464 455 583 521 iisdem
610 455 729 521 litteris
756 456 915 538 inscripta
931 463 1018 533 sunt,
1034 463 1128 520 motu
1143 455 1289 539 propri0,

179 568 272 623 certa
297 557 436 623 scientia
461 567 494 622 et
521 568 652 624 matura
676 558 914 624 deliberatione
939 557 1066 622 Nostra
1081 558 1114 622 in
1131 558 1288 623 omnibus

179 671 253 728 rata
278 662 451 744 habemus,
476 665 658 747 probamus
688 675 722 728 et
752 683 907 746 suprema
937 662 1136 728 auctoritate
1163 661 1288 726 Nostra

179 763 362 844 firmamus,
372 767 540 831 sancimus
553 777 586 832 et
596 767 833 832 inviolabiliter
847 766 969 830 servari
986 766 1149 842 volumus,
1158 766 1287 828 omnia·

178 890 246 953 que
271 869 380 934 eidem
405 870 585 936 seminario
610 870 683 935 iura
706 880 740 936 et
768 869 943 934 facultates
969 869 1091 954 quibus
1115 879 1226 934 cetera
1253 868 1286 931 in

180 973 356 1056 Hispaniis
372 975 532 1039 canonice
547 975 701 1040 instituta
716 974 902 1054 seminaria,
925 994 970 1038 ex
993 974 1072 1052 iure,
1087 972 1139 1037 vel
1155 972 1287 1056 privile-

180 1077 246 1161 gio,
262 1087 321 1144 aut
335 1079 576 1145 consuetudine
602 1089 741 1145 utuntur
756 1079 918 1155 fruuntur,
938 1077 1136 1142 auctoritate
1162 1076 1286 1142 Nostra

179 1180 297 1244 harum
314 1180 499 1248 litterarum
515 1184 548 1248 vi
564 1183 778 1248 concedimus
805 1192 907 1266 atque
923 1181 1155 1268 impertimus:
1171 1201 1285 1264 supra-

179 1284 307 1349 dictum
333 1295 445 1350 autem
470 1286 684 1351 seminarium
712 1306 732 1349 a
761 1285 795 1352 S.
810 1285 963 1350 Antonio
980 1285 1143 1349 Patavino
1163 1283 1196 1347 in
1214 1283 1284 1348 No·

177 1396 285 1452 strum
308 1396 342 1452 et
368 1407 596 1454 successorum
622 1389 822 1454 Nostrorum
854 1405 1066 1452 romanorum
1085 1384 1284 1450 Pontificum

176 1489 365 1556 dominium
392 1512 453 1575 per
480 1503 672 1575 praesentes
702 1491 830 1556 litteras
856 1491 1049 1573 accipimus,
1075 1491 1222 1572 itemque
1249 1488 1283 1552 in

176 1592 318 1658 tutelam
349 1614 388 1659 ac
424 1595 646 1678 patrocinium
684 1614 743 1678 per
775 1593 1010 1676 Apostolicum
1041 1595 1074 1657 in
1110 1593 1283 1676 Hispaniis

177 1693 325 1762 Sanctae
352 1697 449 1764 Sedis
474 1698 640 1763 Nuntium
671 1699 896 1763 exercendum
927 1697 1067 1763 omnino
1096 1695 1281 1779 recipimus.

175 1799 333 1882 Denique
358 1801 533 1866 memorati
563 1801 730 1864 seminarii
758 1801 969 1879 moderatori,
999 1799 1281 1884 praeceptoribus,

177 1901 332 1980 alumnis,
347 1903 532 1988 ceterisque
547 1905 655 1969 eidem
671 1903 827 1968 instituto
847 1903 999 1981 addictis,
1015 1923 1075 1967 nec
1092 1922 1159 1968 non
1175 1901 1282 1967 omni-

175 2005 238 2071 bus
259 2004 423 2071 sedelibus
450 2007 507 2090 qui
528 2008 583 2071 die
608 2005 693 2072 sesto
722 2005 838 2072 Sancti
860 2006 1002 2070 Antonii
1028 2006 1179 2070 Patavini
1206 2025 1282 2068 vere

175 2108 388 2189 poenitentes
402 2119 436 2175 et
457 2107 608 2187 confessi,
623 2128 663 2174 ae
688 2129 711 2172 s.
727 2109 964 2174 communione
986 2107 1100 2173 reiecti
1122 2106 1280 2172 sacellum

176 2211 315 2276 huiusce
330 2214 498 2278 seminarii
513 2233 535 2276 a
549 2213 665 2295 primis
680 2212 826 2296 vesperis
842 2232 948 2296 usque
962 2214 1006 2277 ad
1022 2231 1176 2276 occasum
1201 2211 1281 2275 solis

174 2313 241 2378 diei
272 2314 464 2380 huiusmodi
488 2315 628 2398 singulis
653 2317 749 2380 annis
773 2315 828 2398 pie
854 2315 1061 2379 visitaverint
1087 2323 1121 2378 et
1146 2312 1193 2376 ibi
1219 2332 1281 2394 pro

1322 463 1462 567 ΠΕέΞΜΒ.

1352 575 1417 631 1890.

174 2416 431 2483 christianorum
448 2419 640 2502 Principum
656 2417 844 2494 concordia,
854 2417 1030 2482 haeresum
1046 2416 1280 2498 extirpatione,
1391 2445 1396 2456 ·

174 2531 388 2602 peccatorum
404 2520 630 2600 conversione,
645 2541 684 2584 ac
701 2521 733 2586 S.
751 2521 871 2585 Matris
888 2520 1058 2585 Ecclesiae
1074 2517 1280 2583 exaltatione

175 2621 249 2705 pias
264 2623 309 2714 ad
325 2625 436 2690 Deum
452 2645 566 2708 preces
582 2625 771 2702 effuderint,
787 2625 970 2708 plenariam
996 2622 1147 2688 omnium
1164 2641 1279 2706 pecca·

174 2736 286 2792 torum
302 2746 438 2794 suorum
454 2727 697 2812 indulgentiam
723 2737 757 2793 et
780 2729 1008 2792 remissionem
1025 2726 1280 2791 misericorditer

174 2830 209 2892 in
227 2829 378 2895 Domino
398 2832 567 2915 perpetuis
586 2830 704 2896 suturis
730 2829 938 2915 temporibus
953 2831 1177 2896 concedimus.
1199 2829 1278 2892 Non

174 2932 398 3013 obstantibus,
427 2935 504 3000 licet
533 2935 669 3018 speciali
703 2943 804 3016 atque
836 2933 1009 2999 individua
1039 2933 1209 2998 mentione
1240 2951 1278 2996 ac

174 3036 392 3120 derogatione
414 3039 535 3122 dignis,
559 3040 593 3102 in
618 3039 821 3103 contrarium
840 3036 1039 3103 facientibus
1066 3035 1279 3118 quibuscum·

173 3159 249 3222 que.
267 3140 362 3206 Haec
378 3142 556 3207 statuimus
577 3152 611 3206 et
629 3143 862 3206 concedimus:
878 3150 1054 3225 propterea
1069 3137 1279 3203 decernimus

173 3242 235 3307 has
251 3243 378 3310 litteras
395 3245 537 3311 Nostras
552 3245 673 3324 firmas,
689 3257 786 3325 ratas,
802 3244 951 3310 efficaces
968 3245 1015 3309 uti
1031 3244 1155 3308 suntin
1168 3251 1280 3325 poste·

173 3366 247 3411 rum
270 3365 513 3429 permansuras,
536 3357 637 3431 atque
660 3350 789 3412 irritum
816 3357 850 3413 et
874 3349 974 3412 inane
1003 3367 1076 3412 esse
1101 3347 1129 3410 si
1151 3343 1232 3428 quid
1260 3364 1280 3407 a
1368 3387 1370 3392 ,

173 3471 344 3536 quoquam
360 3462 550 3518 contraeas
565 3453 742 3536 contigerit
758 3452 924 3518 attentari.

218 3556 347 3620 Datum
381 3557 510 3622 Romae
533 3558 625 3640 apud
651 3557 685 3623 S.
711 3559 846 3622 Petrum
876 3558 939 3620 sub
969 3555 1071 3620 anulo
1102 3553 1280 3620 Piscatoris

171 3661 229 3726 die
256 3661 296 3724 16
311 3660 509 3726 Decembris
528 3665 619 3741 1890,
647 3659 864 3726 Pontificatus
889 3659 1005 3724 Nostri
1031 3679 1121 3724 anno
1148 3657 1280 3722 decimo

171 3765 283 3829 tertio.

611 3877 657 3941 M.
682 3875 794 3942 Caso.
820 3873 1193 3942 LEDOCHOWSKI.
