3354 4938
257 261 310 311 DE
328 259 501 312 BASILICA
521 259 572 311 SS.
595 257 741 322 CORDIS,
762 259 891 324 DEQUE
909 258 1139 311 CONCORDIA.
1187 255 1252 330 175

140 457 236 524 quae
265 438 308 502 ad
340 436 535 519 religionem
572 435 741 519 pertinent
771 435 956 515 videamus,
986 436 1067 501 illud
1104 435 1253 501 maxime
1317 448 1397 536 ΜΞΝ

147 541 261 608 Nobis
277 540 311 606 in
327 540 416 607 votis
441 549 501 619 est,
516 547 554 604 ut
573 538 858 623 quemadmodum
875 559 943 604 una
957 539 1108 605 omnium
1127 539 1256 605 Galliae
1328 547 1387 605 1801

145 647 300 712 fidelium
317 645 424 729 pietas
440 643 483 708 ad
499 643 603 710 votivi
629 642 748 727 templi
772 643 895 708 molem
915 644 1131 709 excitandam
1148 643 1256 727 splen·

147 749 232 816 dide
247 748 379 826 effulsit,
395 748 442 812 ita
458 765 525 812 una
538 747 690 811 omnium
706 765 785 810 cura
810 747 854 810 ad
881 745 1066 812 catholicae
1088 744 1257 828 religionis

139 851 418 919 incolumitatem
442 858 477 915 et
498 870 650 916 caussam
678 850 711 914 iu
743 849 854 932 patria
878 851 1038 916 tuendam
1066 857 1198 914 constet
1223 856 1256 913 et
1284 903 1435 963 mmm

143 959 272 1041 vigeat,
287 965 322 1020 et
337 954 511 1020 silentibus
534 955 678 1037 partium
695 953 823 1034 studiis,
838 953 959 1037 quibus
984 955 1148 1020 bonorum
1171 954 1256 1018 vlres
1283 964 1398 1009 turam

144 1063 358 1137 minuuntur,
373 1059 538 1126 malorum
553 1067 727 1142 augentur,
747 1078 815 1122 una
829 1055 872 1123 sit
888 1057 1038 1124 omnium
1055 1058 1258 1141 conspiratio
1283 1023 1402 1128 giffardi?

142 1173 185 1229 et
207 1183 391 1229 consensus
406 1163 449 1227 ad
465 1161 606 1246 gloriam
624 1162 887 1227 conservandam
904 1182 944 1228 ea
959 1161 1095 1227 natione
1110 1161 1259 1248 dignam,

140 1286 240 1352 quae
256 1266 370 1332 inclita
383 1265 546 1330 maiorum
559 1267 681 1330 virtute
693 1264 900 1348 praeclarum
916 1265 951 1329 in
968 1264 1119 1328 Ecclesia
1136 1281 1257 1328 nomen

138 1382 187 1436 et
202 1370 403 1454 dignitatem
428 1369 581 1436 obtinuit.
600 1369 678 1434 Hoc
693 1369 850 1435 nimirum
867 1377 918 1434 est
932 1387 1086 1433 curarum
1108 1367 1257 1432 omnium

140 1486 184 1541 et
202 1473 374 1539 foederum
391 1473 646 1552 nobilissimum,
670 1473 712 1537 ad
739 1474 831 1556 quod
859 1473 932 1556 ipsa
946 1471 1090 1554 [divinae
1110 1473 1259 1538 veritatis

141 1599 233 1646 voce
248 1598 417 1656 vocamur,
431 1597 519 1661 quae
533 1577 632 1644 docet
649 1578 878 1660 quaerendum
894 1585 974 1641 ante
990 1577 1104 1642 omnia
1119 1594 1257 1658 regnum

142 1681 216 1747 Dei
242 1691 277 1745 et
304 1679 466 1746 iustitiam
488 1680 568 1758 eius,
583 1699 622 1744 ac
650 1681 837 1745 mercedem
860 1679 985 1745 exinde
1011 1698 1144 1762 sperare
1159 1677 1261 1756 iubet,

148 1805 220 1870 qua
236 1785 330 1850 Deus
346 1785 480 1868 pietatis
506 1792 541 1849 et
556 1785 702 1850 iustitiae
716 1784 845 1850 cultum
869 1805 909 1848 ac
925 1782 1032 1848 zelum
1049 1783 1185 1848 honoris
1201 1782 1261 1860 sui,

146 1909 221 1956 non
237 1888 381 1955 incaelis
396 1887 583 1968 solum,sed
600 1890 683 1954 etin
700 1889 795 1955 terris
812 1897 1051 1955 remuneratur.
1069 1889 1165 1952 Haec
1176 1906 1262 1972 quae

147 2013 197 2058 ex
214 1992 344 2076 paterni
362 1992 477 2058 Nostri
502 1993 611 2056 cordis
636 1992 671 2056 in
687 2011 747 2058 vos
763 1992 902 2058 caritate
924 1992 1077 2071 dicimus,
1092 2011 1133 2056 eo
1149 1992 1262 2056 animo

153 2096 271 2163 fideles
297 2095 412 2162 Gallos
437 2104 638 2178 excepturos
665 2094 873 2174 confidimus,
887 2115 988 2178 quem
1005 2095 1039 2158 in
1055 2093 1131 2158 tiliis
1148 2113 1263 2158 aman-

148 2199 290 2266 tissimis
321 2209 355 2264 et
382 2199 562 2264 carissimis
600 2219 732 2282 semper
769 2199 976 2282 agnovimus.
1006 2235 1051 2248 -
1082 2197 1261 2264 Caeterum
1305 2235 1439 2307 mulge„

149 2324 269 2370 eorum
272 2323 375 2388 ,quae
391 2323 410 2368 a
427 2302 536 2367 Nobis
551 2303 737 2385 postulasti,
749 2302 882 2368 Dilecte
899 2302 962 2367 Fili
979 2303 1111 2380 Noster,
1125 2321 1260 2366 omnem
1288 2297 1337 2342 ‘²⁰³
1287 2309 1439 2402 mm·

150 2402 320 2469 rationem
336 2401 509 2480 habentes,
531 2403 730 2468 auctoritate
757 2401 882 2466 Nostra
896 2400 1098 2485 Apostolica
1122 2401 1262 2465 libenter
1289 2413 1364 2460 riona
1395 2413 1439 2458 ru

152 2508 380 2589 concedimus,
395 2517 433 2574 ut
448 2529 468 2574 a
484 2508 539 2574 die
564 2523 580 2591 5
600 2511 747 2592 proximi
738 2509 852 2574 Iunii
869 2509 911 2574 ad
928 2509 1060 2575 tertiam
1078 2508 1155 2573 Iulii
1172 2527 1263 2572 men·
1282 2471 1445 2579 limidi&

151 2613 210 2691 sis,
225 2614 316 2696 quod
334 2620 471 2696 tempus
485 2612 689 2678 dedicationi
706 2613 822 2696 templi
839 2613 925 2678 iesto
939 2613 1032 2678 cultu
1047 2612 1266 2678 celebrandae
1291 2591 1445 2698 mecon

155 2713 377 2778 constitutum
408 2723 468 2792 est,
496 2723 568 2780 tum
596 2715 670 2799 ipso
697 2715 917 2781 dedicationis
933 2715 997 2794 die,
1013 2726 1084 2781 tum
1112 2716 1267 2782 omnibus

151 2815 335 2882 dominicis
351 2816 478 2896 diebus,
497 2837 558 2882 nec
579 2838 646 2883 non
663 2819 697 2882 in
714 2818 807 2883 iestis
824 2817 1021 2884 Natiuitatis
1041 2817 1267 2884 Praecursoris

151 2919 306 3002 Domini,
321 2920 411 2986 beati
437 2922 527 2987 Petri
547 2921 790 3006 Apostolorum
818 2922 990 3007 Principis,
1006 2932 1039 2988 et
1054 2923 1267 2989 Visitatiouis

152 3023 323 3107 Deiparae
349 3025 509 3107 Virginis,
535 3045 653 3091 omnes
685 3025 858 3107 utriusque
890 3045 993 3090 sexus
1019 3025 1134 3091 fideles
1158 3045 1266 3095 sacra·

152 3125 293 3192 mentali
317 3126 527 3192 confessione
552 3136 689 3212 peracta
713 3137 747 3191 et
770 3146 863 3192 sacra
888 3127 1089 3192 eucharistia
1110 3136 1267 3211 percepta

154 3227 342 3310 plenariam
371 3229 594 3296 admissorum
621 3230 865 3313 indulgentiam
892 3233 926 3296 iu
958 3230 1066 3295 forma
1096 3230 1267 3295 Ecclesiae

156 3341 319 3397 consueta
333 3333 494 3417 consequi
519 3335 648 3417 possint
667 3354 706 3398 ac
724 3331 875 3398 valeant:
900 3333 1048 3416 itemque
1075 3332 1194 3400 eadem
1210 3353 1267 3398 au-

156 3435 314 3501 ctoritate
343 3437 470 3502 Nostra
492 3439 678 3514 tribuimus,
705 3445 742 3503 ut
766 3456 883 3504 omnes
905 3435 1020 3502 fideles
1041 3437 1098 3521 qui
1118 3438 1268 3503 votivum
1377 3451 1380 3458 '

159 3540 326 3624 templum
342 3542 464 3608 devote
478 3543 632 3623 adierint,
647 3543 760 3626 ibique
775 3545 848 3627 pias
862 3543 906 3610 ad
928 3532 1040 3609 Deum
1057 3564 1172 3628 preces
1187 3544 1268 3609 elsu-

155 3647 278 3725 derint,
301 3647 547 3729 indulgentiam
564 3657 693 3733 septem
715 3669 879 3715 annorum
900 3649 1112 3733 totidemque
1126 3651 1268 3733 quadra·

158 3767 333 3832 genarum,
353 3770 414 3833 per
422 3761 534 3832 ¹totam
555 3751 777 3817 dedicationis
794 3751 1032 3831 celebritatem,
1058 3771 1270 3836 quocumque

156 3851 214 3916 die
244 3851 278 3916 id
316 3853 454 3938 egerint,
477 3856 511 3918 in
544 3853 652 3920 forma
682 3855 854 3920 Ecclesiae
885 3865 1046 3922 consueta
1078 3854 1270 3920 lucrentur:

158 3963 334 4037 praeterea
365 3955 560 4024 facultatem
586 3958 657 4037 tibi,
686 3958 783 4024 iuxta
813 3978 927 4041 preces
953 3959 1093 4037 oblatas,
1123 3957 1272 4041 iacimus,

158 4058 357 4125 solemniter
386 4059 606 4128 benedicendi
630 4061 757 4146 populo
777 4081 853 4127 curn
879 4062 1029 4144 plenaria
1048 4062 1271 4128 admissorum

159 4161 373 4247 indulgentia
404 4164 531 4231 Nostro
558 4167 693 4231 nomine
716 4175 751 4231 et
775 4165 975 4231 auctoritate
992 4175 1070 4249 post
1084 4184 1178 4231 sacra
1195 4163 1272 4228 mis·

162 4285 283 4332 aarum
300 4265 472 4346 solemnia,
495 4268 593 4334 iuxta
608 4268 707 4334 ritum
732 4276 767 4331 et
794 4267 935 4332 sormam
958 4289 978 4332 a
1003 4269 1159 4333 Romana
1184 4264 1273 4332 Sede
