3354 4938
373 278 441 350 188
516 300 706 354 LITTERAE
733 303 889 355 ENCYCL.
915 292 1082 358 “RERUM
1102 307 1320 370 NOVARUM„

368 498 463 540 tuum
477 489 510 541 et
522 480 589 543 leve
603 479 828 545 tribulationis
853 491 988 559 nostrae,
1002 494 1102 566 nepra
1128 484 1259 548 modum
1277 485 1310 547 in
1326 483 1475 548 sublinei-

368 591 435 645 tate
448 592 614 648 aeternum
624 585 753 668 gloriae
760 586 890 668 pondus
905 596 1057 668 operatur
1072 588 1107 650 in
1124 587 1213 651 nobis
1228 589 1240 670 (
1258 587 1280 670 ).

191 676 253 790 aab)
264 685 344 790 ἐἶς’
414 687 533 771 Itaque
549 688 709 754 fortunati
723 701 909 768 monentur,
922 711 988 755 non
999 693 1201 757 vacuitatem
1214 692 1338 756 doloris
1350 691 1480 770 afferre,

191 805 263 849 aaa
285 804 343 849 divi·
370 811 430 854 nec
441 794 483 855 ad
506 791 699 858 felicitatem
716 793 789 858 aevi
805 795 998 877 sempiterni
1022 798 1201 878 quicquam
1218 798 1377 880 prodesse
1394 796 1479 860 divi-

192 872 296 990 ἵνα
306 945 344 974 Μ,
370 893 442 972 tias,
454 896 512 959 sed
529 899 641 979 potius
656 898 774 961 obesse
789 898 832 982 (²)
846 919 854 978 ;
868 901 984 962 terrori
1009 899 1230 982 locupletibus
1257 921 1330 963 esse
1356 901 1481 964 debere

184 987 316 1108 ffiffl?
371 998 635 1066 IESUCHR1ST1
662 1003 810 1066 insuetas
835 1003 942 1066 minas
958 1002 1021 1085 (³);
1046 1004 1208 1067 rationem
1237 1005 1279 1068 de
1296 1023 1357 1068 usu
1374 1003 1480 1066 sortu-

192 1111 344 1226 imai,
371 1121 487 1166 narum
506 1103 580 1166 Deo
596 1103 696 1168 iudici
712 1105 919 1168 severissime
934 1105 1118 1188 aliquando
1133 1107 1348 1170 reddendam.

129 1227 132 1232 ·
191 1240 264 1285 qaam
289 1233 344 1286 pro.
413 1205 467 1269 De
492 1207 572 1288 ipsis
598 1207 718 1290 opibus
746 1211 879 1272 utendis
904 1209 1073 1273 excellens
1097 1230 1136 1273 ac
1153 1210 1294 1274 maximi
1312 1208 1482 1273 momenti

134 1351 143 1374 .
193 1287 341 1412 d‘ssls'm
370 1311 523 1374 doctrina
538 1321 598 1385 est,
612 1332 715 1394 quarn
742 1313 770 1374 si
797 1313 1009 1396 philosophia
1036 1313 1229 1378 inchoatam
1262 1324 1298 1378 at
1324 1313 1482 1377 Ecclesia

189 1413 344 1528 Jssmfffj
370 1415 508 1478 tradidit
523 1413 704 1497 perlectam
718 1416 827 1497 plane,
837 1418 1022 1498 eademque
1037 1415 1137 1481 efficit
1147 1427 1185 1481 ut
1200 1436 1267 1480 non
1285 1416 1482 1499 cognitione

193 1531 344 1636 imile„
370 1528 511 1595 tantum,
520 1521 578 1583 sed
593 1520 740 1583 moribus
750 1531 912 1586 teneatur.
923 1521 1026 1586 Cuius
1042 1521 1215 1586 doctrinae
1230 1522 1264 1584 in
1281 1543 1321 1585 eo
1338 1530 1389 1584 est
1404 1519 1480 1584 iun-

192 1649 311 1714 gentum
369 1622 565 1687 damentum
592 1624 749 1705 positum,
779 1625 870 1706 quod
896 1625 982 1688 iusta
1019 1626 1185 1706 possessio
1216 1627 1434 1707 pecuniarum
1459 1645 1482 1688 a

192 1708 343 1820 {fissjfflfff‘
370 1724 458 1789 iusto
475 1727 690 1808 pecuniarum
707 1746 767 1791 usu
783 1728 1009 1809 distinguitur.
1022 1728 1116 1791 Bona
1128 1727 1283 1810 privatim
1294 1728 1484 1810 possidere,

367 1829 458 1911 quod
475 1829 576 1912 paulo
602 1839 681 1894 ante
705 1831 860 1908 vidimus,
875 1832 925 1894 ius
952 1841 1003 1894 est
1028 1829 1157 1894 homini
1180 1831 1355 1894 naturale:
1371 1849 1482 1913 eoque

369 1933 417 1996 uti
434 1934 511 2008 iure,
528 1934 677 1998 maxime
702 1937 735 1999 in
761 1935 922 1998 societate
946 1935 1043 2011 vitae,
1060 1955 1127 1998 non
1154 1933 1206 1998 las
1222 1936 1324 1998 modo
1341 1944 1402 2010 est,
1417 1935 1478 1998 sed

367 2035 468 2119 plane
484 2035 714 2101 necessa'rium.
731 2038 876 2102 Licitnm
890 2048 938 2102 est
959 2039 1048 2120 quod
1058 2038 1150 2102 leam
1157 2038 1295 2121 propria
1304 2037 1482 2119 possideat.

367 2141 416 2205 Et
428 2152 476 2206 est
488 2147 589 2206 ettam
605 2143 819 2206 necessarium
834 2142 883 2205 ad
893 2141 1073 2206 humanam
1089 2142 1195 2207 vitam
1210 2143 1261 2226 (4).
1278 2142 1327 2206 At
1354 2163 1434 2207 vero
1450 2143 1480 2207 si

368 2247 450 2312 illud
478 2257 666 2331 quaeratur,
690 2247 824 2332 qualem
855 2267 927 2312 esse
954 2267 1051 2311 usum
1079 2249 1243 2312 bonorum
1261 2267 1397 2312 necesse
1424 2249 1482 2328 sit,

370 2350 521 2415 Ecclesia
537 2351 674 2432 quidem
691 2353 763 2414 sine
780 2349 846 2414 ulla
862 2350 1073 2414 dubitatione
1099 2351 1300 2434 respondet:
1316 2357 1480 2432 quantum

368 2453 416 2518 ad
426 2453 489 2533 lroc,
506 2475 568 2518 non
583 2453 674 2519 debet
687 2454 778 2519 leomo
792 2453 909 2518 lrabere
935 2477 986 2520 res
1010 2455 1183 2519 exteriores
1198 2465 1236 2519 ut
1242 2457 1404 2538 proprias,
1418 2455 1483 2520 sed

368 2568 608 2636 aeconomum,
623 2568 661 2622 nt
674 2559 794 2622 scilicet
817 2560 969 2639 desace'le'
989 2559 1112 2642 aliquis
1134 2580 1190 2623 eas
1214 2561 1424 2624 communicet
1439 2559 1477 2623 in

368 2662 552 2724 necessitate
574 2661 724 2725 aliorum.
747 2661 840 2726 Unde
864 2662 1038 2746 Apostolus
1063 2662 1143 2726 de'eit
1156 2685 1168 2726 :
1192 2663 1352 2728 diuitibus
1378 2663 1482 2727 lenires

366 2765 489 2830 saeculi
508 2766 698 2847 praecipe...
721 2766 826 2847 facile
855 2767 1005 2844 tribuere,
1033 2768 1268 2832 communicare
1282 2767 1334 2852 (⁵).
1367 2769 1480 2834 Nemo

367 2881 456 2934 certe
472 2870 630 2952 opitulari
647 2869 720 2932 aliis
747 2870 790 2933 de
815 2889 857 2934 eo
880 2870 1022 2947 iubetur,
1037 2870 1128 2953 quod
1154 2871 1196 2934 ad
1213 2890 1292 2934 usus
1309 2873 1479 2953 pertineat

367 2993 442 3038 cum
460 2993 538 3036 suos
553 2982 625 3036 tum
651 2993 787 3037 suorum
810 2973 1012 3038 necessarios
1028 2995 1035 3037 :
1051 2973 1156 3036 immo
1172 2992 1233 3036 nec
1255 2974 1388 3038 tradere
1403 2973 1479 3038 aliis

367 3098 435 3162 quo
453 3080 524 3160 ipse
545 3085 643 3160 egeat
659 3077 750 3141 adid
767 3078 966 3141 servandum
984 3078 1075 3159 quod
1092 3095 1254 3159 personae
1270 3079 1451 3142 conveniat
1470 3101 1479 3143 ε

368 3183 525 3263 quodque
539 3182 657 3246 deceat
672 3203 679 3243 :
695 3180 806 3244 nullus
820 3181 907 3244 enim
924 3179 1182 3244 inconvenienter
1195 3180 1304 3244 vivere
1318 3181 1409 3244 debet
1422 3182 1436 3265 (
1453 3181 1477 3264 ).

194 3292 343 3343 rauranu-
413 3285 480 3350 Sed
499 3285 555 3348 ubi
571 3284 760 3348 necessitati
776 3285 858 3348 satis
874 3295 908 3349 et
924 3285 1047 3350 decoro
1063 3283 1190 3360 datum,
1201 3283 1347 3349 officium
1366 3295 1417 3348 est
1433 3285 1478 3349 de

194 3352 319 3408 perfluunt,

194 3409 344 3512 nonquam
368 3407 409 3450 eo
421 3389 510 3471 quod
523 3398 659 3470 superat
676 3387 855 3470 gratificari
876 3389 1112 3470 indigentibus.
1129 3387 1226 3466 Quod
1236 3399 1386 3471 superest,
1402 3389 1481 3452 date

194 3484 222 3514 ex
231 3483 295 3528 Just
308 3483 333 3512 ra

194 3529 233 3573 „d
245 3543 274 3576 „.
288 3530 341 3572 „„,¹
366 3491 720 3575 eleemosinam(⁷).Non
732 3493 1033 3574 iustitiae,excepto
1043 3493 1076 3556 in
1087 3493 1185 3556 rebus
1195 3491 1479 3570 extremis,officia

195 3588 343 3706 Zfifpwff
369 3599 433 3662 ista
444 3597 590 3674 suntsed
603 3597 750 3660 caritatis
762 3597 971 3674 christianae,
981 3617 1081 3680 quam
1095 3597 1245 3680 profecto
1257 3597 1331 3680 lege
1343 3600 1478 3680 agendo

196 3705 324 3792 [ommuni-
369 3712 482 3784 petere
508 3701 558 3764 ius
584 3720 651 3764 non
678 3709 737 3766 est.
754 3701 821 3766 Sed
850 3700 978 3782 legibus
1005 3701 1201 3783 iudiciisque
1226 3702 1399 3764 hominum
1417 3701 1477 3764 lex

141 3824 144 3830 ·
199 3772 251 3810 'm'
369 3806 538 3871 antecedit
550 3805 775 3888 iudiciumque
795 3803 920 3868 Christi
936 3804 1012 3884 Dei,
1027 3807 1084 3888 qui
1101 3805 1214 3868 multis
1232 3805 1341 3868 modis
1357 3805 1479 3868 suadet

369 3910 647 3974 consuetudinem
663 3908 825 3990 largiendi
839 3931 846 3971 :
859 3905 984 3972 beatius
994 3917 1041 3971 est
1057 3907 1166 3991 inagis
1180 3907 1269 3985 dore,
1278 3927 1378 3989 quam
1397 3907 1480 3969 acci·

211 4024 269 4079 (ἕνα
286 4035 341 4066 com·
363 4023 441 4096 pere
454 4013 498 4096 (⁸)
522 4021 580 4077 :et
606 4012 762 4076 collatam
779 4021 979 4094 negatamve
996 4012 1197 4093 pauperibus
1220 4010 1479 4076 beneficentiam

199 4081 335 4131 munientia,

199 4140 293 4185 Christo
316 4144 357 4183 te·
1018 4179 1021 4187 .

199 4205 235 4267 rte,
241 4197 327 4258 prada
336 4198 358 4244 l·
403 4209 423 4242 r.
441 4197 472 4241 Il
482 4197 545 4249 Cor..
558 4207 593 4250 ιν,
608 4211 643 4255 17.
655 4221 685 4232 -
701 4211 725 4242 2.
738 4197 840 4250 Mutila,
854 4207 911 4250 xlx,
924 4211 999 4256 ²³⁴4·
1012 4221 1043 4231 -
1058 4211 1079 4256 3.
1093 4197 1161 4249 Luc..
1182 4206 1218 4248 vt.
1231 4207 1308 4255 arus.
1322 4221 1352 4230 —
1368 4210 1389 4254 4.
1405 4195 1478 4243 11-11.

201 4263 336 4316 austum
348 4257 360 4304 τ’
374 4272 479 4330 Quaeso..
492 4271 582 4323 hxv1.
593 4285 615 4318 ι
629 4282 658 4318 11.
669 4283 730 4330 -5,
745 4271 814 4326 11·11,
829 4273 924 4330 Quaeso.
938 4271 1014 4326 axv,
1026 4285 1050 4318 a.
1062 4273 1159 4320 11.-6.
1173 4270 1242 4317 11-11.
1260 4271 1354 4330 Quaere.
1368 4271 1479 4326 xxxn,

199 4317 359 4422 fflgmm
374 4357 442 4393 vh-
452 4345 544 4404 7.Luc.,
557 4357 595 4400 xl,
607 4361 644 4404 41.
656 4371 685 4382 ·-
697 4349 717 4393 8.
731 4347 796 4402 Act..
809 4357 855 4402 xx,
868 4359 904 4406 35.
