3364 4928
377 233 527 308 ipsimet
724 258 743 273 .„
946 258 960 273 ,.
978 256 993 273 ..
1089 256 1103 273 ,.
1126 256 1141 274 ..
1200 256 1215 273 ..
1273 256 1288 273 ,.
1347 256 1365 273 -„
1384 256 1399 271 ..
1422 254 1440 271 .„
1467 240 1472 251 ι

413 290 1451 310 0000000000000000000000000000000000000000000000000000000000000000000000000000000

410 322 417 337 ἢ
1445 329 1452 340 0

409 349 417 363 ο
1446 354 1451 365 Ι

409 373 416 387 Q
1445 376 1451 389 Ι

1445 427 1452 441 ί

1445 454 1451 465 G

1445 477 1452 489 1

1445 502 1451 515 Ι

508 575 566 634 hd
589 575 713 647 presb.
740 575 856 636 Sarda
879 589 903 647 y
927 575 1099 650 Salvany,
1123 576 1351 635 directorem

463 904 528 965 DE
552 905 770 967 RATIONE
792 905 1147 967 SCRIPTORIBUS
1172 907 1400 968 EPHEME-

379 1152 383 1157 ,
407 1140 415 1155 .
701 1061 866 1122 amum
891 1062 1158 1122 suavnunn.

381 1131 1486 1279 .'··-=·÷÷··-³·³=·2···2'·-³·2³··maemwsmb

588 740 842 813 ephemeridis
867 741 1054 800 «Revista
1076 741 1237 814 popular
1252 754 1281 802 ›.

267 1390 296 1436 ις
569 1363 673 1431 UOD
700 1375 759 1430 tua
786 1365 819 1428 in
848 1365 921 1429 Nos
944 1366 1056 1430 studia
1083 1377 1237 1433 constare
1260 1369 1414 1450 volueris,
1434 1393 1483 1437 re·

225 1436 328 1546 'iffi
410 1425 529 1670 [Q]
587 1468 714 1535 dcunte
743 1470 798 1534 die
827 1489 921 1534 sacra
953 1469 1165 1551 Epiphaniae
1196 1472 1345 1553 Domini,
1383 1475 1484 1539 editis

236 1596 352 1666 Ponrrfif
587 1571 740 1655 obsequii
767 1569 1068 1655 significationibus
1082 1573 1214 1657 piisque
1229 1576 1316 1641 votis
1341 1597 1403 1660 pro
1419 1579 1483 1642 Ec-

195 1657 353 1784 {ss‘fflff
588 1674 710 1741 clesiae
718 1675 867 1752 victoria,
880 1683 940 1738 tuo
952 1675 1180 1759 lectorumque
1190 1686 1324 1743 tuorum
1336 1681 1481 1760 nomine,

198 1780 259 1820 ’Μ’
272 1779 352 1820 mm·
376 1785 409 1848 id
427 1803 509 1849 sane
526 1779 634 1846 Nobis
650 1788 843 1862 pergratum
868 1778 1012 1843 accidit:
1028 1779 1135 1842 maior
1149 1789 1263 1854 autem
1279 1781 1357 1846 huic
1373 1782 1483 1848 officio

200 1847 351 1946 2222fo
376 1884 628 1952 commendatio
643 1903 689 1946 ex
714 1901 756 1946 eo
782 1881 922 1946 accessit
948 1883 1050 1966 quod,
1064 1883 1226 1966 pietatem
1242 1905 1284 1947 ss.
1302 1885 1482 1968 Magorum

198 1952 351 2058 ἷῖἷιῖἷζῖέῖ
376 1991 537 2067 imitatus,
559 1985 702 2052 collatae
727 1984 825 2067 stipis
849 2004 985 2049 munere
1012 1985 1232 2051 cumulaveris
1256 1987 1408 2072 obsequii
1433 1988 1482 2051 tui

196 2079 282 2132 W·
377 2091 618 2170 testimonium,
633 2089 768 2155 tametsi
784 2109 869 2172 opus
883 2088 975 2153 hisce
990 2109 1058 2152 non
1074 2101 1145 2155 erat
1168 2100 1205 2156 ut
1221 2101 1298 2155 tuus
1313 2111 1394 2175 erga
1410 2091 1482 2156 Nos

379 2199 601 2262 innotesceret
616 2195 757 2270 animus,
772 2193 898 2276 quippe
914 2213 1014 2276 quem
1025 2193 1106 2257 satis
1116 2193 1228 2277 prodit
1244 2193 1319 2259 finis
1334 2215 1434 2280 quem
1447 2195 1482 2260 in

378 2302 509 2367 edenda
523 2297 738 2383 ephemeride
752 2296 814 2361 tibi
830 2297 1039 2379 propositum
1061 2317 1134 2361 esse
1153 2296 1322 2380 significas
1337 2321 1346 2379 ;
1361 2319 1483 2382 nempe

379 2414 416 2469 ut
431 2406 502 2469 eius
518 2422 582 2485 ope
598 2399 698 2466 latius
724 2397 915 2464 effundatur
931 2419 1013 2464 sana
1039 2399 1210 2465 Ecclesiae
1225 2401 1387 2468 doctrina.
1402 2401 1481 2466 Non

379 2509 504 2592 exigua
527 2506 663 2590 quidem
688 2502 786 2568 huius
811 2502 974 2585 propositi
1000 2503 1071 2566 laus
1096 2514 1156 2581 est,
1171 2513 1273 2588 atque
1294 2505 1481 2571 initendum

380 2613 442 2677 tibi
458 2610 591 2692 tuisque
607 2607 704 2672 sociis
721 2617 759 2671 ut
784 2605 867 2669 illud
892 2605 1026 2689 penitus
1041 2609 1275 2690 assequamini.
1290 2645 1334 2658 -
1350 2609 1390 2673 ld
1403 2629 1483 2674 vero

381 2713 654 2779 commodissime
669 2710 735 2788 fiet,
750 2709 777 2772 si
801 2709 824 2772 ii
850 2711 909 2792 qui
933 2720 1054 2773 vacant
1077 2711 1295 2793 quotidianae
1309 2712 1483 2796 scriptioni

205 2816 356 2934 bffgm
381 2818 499 2886 sedulo
524 2817 678 2900 spiritum
703 2816 840 2879 foveant
866 2814 1065 2878 concordiae
1089 2824 1122 2879 et
1147 2817 1238 2898 pacis
1263 2836 1305 2880 ne
1335 2817 1480 2899 partium

206 2935 355 2982 rideemcom·
381 2921 528 2986 civilium
543 2919 662 2985 studiis
674 2919 976 3002 abripiauturquae
988 2917 1159 3001 Hispanos
1175 2917 1289 2983 fideles
1305 2920 1338 2983 in
1352 2920 1485 2985 diversa

206 2994 321 3114 ssissfssn
382 3025 519 3090 trahunt
535 3047 543 3104 ;
572 3025 599 3087 si
616 3023 770 3107 religiose
785 3020 1003 3104 absoluteque
1019 3031 1158 3104 pareant
1174 3022 1213 3085 iis
1229 3042 1315 3105 quae
1330 3022 1374 3088 ab
1390 3023 1484 3108 Apo·

205 3111 342 3218 ssffl‘ae
383 3128 502 3193 stolica
517 3127 606 3192 Sede
618 3133 798 3210 praecepta
812 3135 890 3188 sunt
905 3124 949 3188 ad
965 3123 1048 3189 haec
1063 3123 1212 3188 tollenda
1227 3124 1366 3191 dissidia
1381 3136 1416 3190 ct
1432 3125 1483 3190 fir-

206 3228 358 3336 ᾗαξωῇξξ
384 3233 542 3297 mandam
554 3228 1142 3310 animorumconiunctionem,quam
1154 3226 1307 3294 Christus
1318 3229 1486 3294 Dominus

205 3297 278 3420 atil!
297 3347 357 3408 Epi·
383 3346 535 3400 constare
551 3334 657 3400 voluit
671 3334 758 3397 inter
783 3351 901 3396 onmes
925 3331 1109 3395 credituros
1125 3332 1158 3394 in
1175 3352 1233 3412 se3
1255 3332 1392 3398 demum
1408 3334 1435 3397 si
1452 3335 1485 3397 in

206 3417 285 3467 '‘m‘'
384 3441 481 3505 rebus
507 3439 648 3521 agendis
672 3437 815 3502 docilem
854 3437 1019 3500 retineant
1049 3437 1276 3502 obedientiam
1309 3439 1486 3522 Episcopis

383 3544 542 3619 debitam,
555 3543 613 3625 qui
628 3541 753 3605 tradita
764 3561 784 3604 a
796 3539 949 3624 gloriosis
962 3541 1143 3604 maioribus
1153 3551 1323 3606 servantes
1333 3541 1488 3608 instituta

244 3663 360 3710 Graviter
384 3645 461 3710 huic
491 3644 558 3709 arci
588 3644 737 3708 veritatis
768 3643 951 3707 adhaerent
981 3644 1174 3708 arctissime.
1190 3681 1233 3692 -
1258 3643 1373 3728 Quum
1403 3645 1487 3709 haec

204 3723 357 3840 5222?AEss
383 3749 580 3831 scriptorum
598 3744 849 3829 ephemeridum
862 3743 970 3808 officia
986 3746 1062 3823 sint,
1073 3746 1228 3811 miserum
1239 3767 1319 3812 sane
1335 3748 1487 3830 estquod

207 3847 245 3946 {gs
253 3842 358 3959 '2⁰:⁹22ss
384 3850 406 3913 ii
424 3869 490 3914 non
507 3848 618 3912 desint
634 3847 690 3930 qui
708 3848 752 3912 ab
768 3847 848 3931 ipsis
875 3847 1065 3912 desciscunt
1079 3869 1087 3927 ;
1113 3849 1182 3912 irno
1198 3870 1239 3914 eo
1253 3850 1434 3916 deveniant
1451 3860 1488 3915 ut

206 3959 268 4006 sisse·
385 3953 492 4018 verbis
509 3952 691 4016 abutantur
706 3949 891 4034 litterisque
906 3951 1048 4028 Nostris,
1064 3951 1185 4035 quibus
1196 3973 1310 4036 parem
1323 3955 1357 4018 in
1369 3975 1486 4018 omnes

384 4055 651 4122 benevolentiam
678 4065 896 4140 praestamus
911 4064 948 4119 ut
972 4075 1029 4119 eos
1054 4057 1220 4140 impetant
1243 4059 1301 4141 qui
1327 4057 1424 4123 aliter
1447 4077 1486 4121 ac

383 4159 446 4240 ipsi
462 4160 505 4222 de
520 4179 555 4222 re
570 4157 705 4241 publica
720 4160 878 4236 sentiunt,
893 4167 928 4220 et
942 4159 1053 4222 tristes
1064 4157 1199 4222 foveant
1210 4161 1484 4224 concertationes.

384 4261 462 4345 Quo
478 4261 567 4326 facto
584 4260 665 4324 nihil
682 4271 733 4327 est
747 4261 927 4345 indignius,
938 4261 1062 4346 quippe
1078 4282 1118 4327 eo
1134 4272 1263 4346 spectat
1286 4272 1323 4327 ut
1339 4263 1485 4328 tuendae
