<?xml version="1.0" encoding="UTF-8"?>
<!DOCTYPE html PUBLIC "-//W3C//DTD XHTML 1.0 Transitional//EN"
    "http://www.w3.org/TR/xhtml1/DTD/xhtml1-transitional.dtd">
<html xmlns="http://www.w3.org/1999/xhtml" xml:lang="en" lang="en">
 <head>
  <title>
</title>
<meta http-equiv="Content-Type" content="text/html;charset=utf-8" />
  <meta name='ocr-system' content='tesseract 3.04.00' />
  <meta name='ocr-capabilities' content='ocr_page ocr_carea ocr_par ocr_line ocrx_word'/>
</head>
<body>
  <div class='ocr_page' id='page_1' title='image "./sanctissimidomi02xiiigoog_0021.png"; bbox 0 0 3364 4928; ppageno 0'>
   <div class='ocr_carea' id='block_1_1' title="bbox 406 321 1434 399">
    <p class='ocr_par' dir='ltr' id='par_1_1' title="bbox 406 321 1434 399">
     <span class='ocr_line' id='line_1_1' title="bbox 406 321 1434 399; baseline 0.002 -15"><span class='ocrx_word' id='word_1_1' title='bbox 406 335 447 386; x_wconf 88' lang='lat'>12</span> <span class='ocrx_word' id='word_1_2' title='bbox 501 334 649 385; x_wconf 84' lang='lat' dir='ltr'><strong>LITTER.</strong></span> <span class='ocrx_word' id='word_1_3' title='bbox 671 335 829 387; x_wconf 82' lang='lat' dir='ltr'><strong>ENCYCL.</strong></span> <span class='ocrx_word' id='word_1_4' title='bbox 853 321 873 350; x_wconf 86' lang='grc'>“</span> <span class='ocrx_word' id='word_1_5' title='bbox 891 333 1116 386; x_wconf 80' lang='lat' dir='ltr'><strong>SAPIENTIAE</strong></span> <span class='ocrx_word' id='word_1_6' title='bbox 1134 336 1394 388; x_wconf 81' lang='lat' dir='ltr'>CHRISTIANAE</span> <span class='ocrx_word' id='word_1_7' title='bbox 1411 369 1434 399; x_wconf 85' lang='lat'><strong>„</strong></span> 
     </span>
    </p>
   </div>
   <div class='ocr_carea' id='block_1_2' title="bbox 251 510 1514 802">
    <p class='ocr_par' dir='ltr' id='par_1_2' title="bbox 251 510 1514 802">
     <span class='ocr_line' id='line_1_2' title="bbox 444 510 1511 596; baseline -0.004 -18"><span class='ocrx_word' id='word_1_8' title='bbox 444 511 572 578; x_wconf 88' lang='lat' dir='ltr'>Verum</span> <span class='ocrx_word' id='word_1_9' title='bbox 600 512 633 575; x_wconf 92' lang='lat' dir='ltr'>in</span> <span class='ocrx_word' id='word_1_10' title='bbox 660 512 725 576; x_wconf 93' lang='lat' dir='ltr'>hoc</span> <span class='ocrx_word' id='word_1_11' title='bbox 750 511 870 577; x_wconf 91' lang='lat' dir='ltr'>eodem</span> <span class='ocrx_word' id='word_1_12' title='bbox 895 532 1028 596; x_wconf 84' lang='lat' dir='ltr'>genere,</span> <span class='ocrx_word' id='word_1_13' title='bbox 1051 515 1140 596; x_wconf 92' lang='lat' dir='ltr'>quod</span> <span class='ocrx_word' id='word_1_14' title='bbox 1169 512 1268 577; x_wconf 88' lang='lat' dir='ltr'>fidem</span> <span class='ocrx_word' id='word_1_15' title='bbox 1296 510 1511 576; x_wconf 84' lang='lat' dir='ltr'>christianam</span> 
     </span>
     <span class='ocr_line' id='line_1_3' title="bbox 401 614 1513 699; baseline -0.004 -18"><span class='ocrx_word' id='word_1_16' title='bbox 401 615 549 698; x_wconf 91' lang='lat' dir='ltr'>attingit,</span> <span class='ocrx_word' id='word_1_17' title='bbox 564 615 629 680; x_wconf 90' lang='lat' dir='ltr'>alia</span> <span class='ocrx_word' id='word_1_18' title='bbox 645 627 724 680; x_wconf 88' lang='lat' dir='ltr'>sunt</span> <span class='ocrx_word' id='word_1_19' title='bbox 740 615 859 693; x_wconf 83' lang='lat' dir='ltr'>officia,</span> <span class='ocrx_word' id='word_1_20' title='bbox 878 636 965 699; x_wconf 89' lang='lat' dir='ltr'>quae</span> <span class='ocrx_word' id='word_1_21' title='bbox 989 617 1158 682; x_wconf 90' lang='lat' dir='ltr'>observari</span> <span class='ocrx_word' id='word_1_22' title='bbox 1174 627 1329 682; x_wconf 91' lang='lat' dir='ltr'>accurate</span> <span class='ocrx_word' id='word_1_23' title='bbox 1344 614 1513 698; x_wconf 87' lang='lat' dir='ltr'>religiose·</span> 
     </span>
     <span class='ocr_line' id='line_1_4' title="bbox 251 713 1514 802; baseline -0.002 -20"><span class='ocrx_word' id='word_1_24' title='bbox 251 713 376 772; x_wconf 54' lang='lat' dir='ltr'>&#39;mimi‘</span> <span class='ocrx_word' id='word_1_25' title='bbox 401 737 467 801; x_wconf 90' lang='lat' dir='ltr'>que</span> <span class='ocrx_word' id='word_1_26' title='bbox 503 719 532 782; x_wconf 90' lang='lat' dir='ltr'>si</span> <span class='ocrx_word' id='word_1_27' title='bbox 562 718 680 782; x_wconf 90' lang='lat' dir='ltr'>salutis</span> <span class='ocrx_word' id='word_1_28' title='bbox 710 739 843 802; x_wconf 85' lang='lat' dir='ltr'>semper</span> <span class='ocrx_word' id='word_1_29' title='bbox 875 719 1035 797; x_wconf 78' lang='lat' dir='ltr'>interfuit,</span> <span class='ocrx_word' id='word_1_30' title='bbox 1065 720 1128 784; x_wconf 90' lang='lat' dir='ltr'>hac</span> <span class='ocrx_word' id='word_1_31' title='bbox 1159 728 1361 802; x_wconf 85' lang='lat' dir='ltr'>tempestate</span> <span class='ocrx_word' id='word_1_32' title='bbox 1399 727 1514 781; x_wconf 92' lang='lat' dir='ltr'>nostra</span> 
     </span>
    </p>
   </div>
   <div class='ocr_carea' id='block_1_3' title="bbox 223 778 1515 907">
    <p class='ocr_par' dir='ltr' id='par_1_3' title="bbox 223 778 1515 907">
     <span class='ocr_line' id='line_1_5' title="bbox 223 778 1515 907; baseline 0.053 -91"><span class='ocrx_word' id='word_1_33' title='bbox 223 778 377 902; x_wconf 44' lang='lat' dir='ltr'>3²55]erss</span> <span class='ocrx_word' id='word_1_34' title='bbox 402 821 540 886; x_wconf 81' lang='lat' dir='ltr'>interest</span> <span class='ocrx_word' id='word_1_35' title='bbox 557 823 715 888; x_wconf 62' lang='lat' dir='ltr'>maxime,</span> <span class='ocrx_word' id='word_1_36' title='bbox 730 859 774 872; x_wconf 83' lang='grc'>..-</span> <span class='ocrx_word' id='word_1_37' title='bbox 790 822 958 887; x_wconf 86' lang='lat' dir='ltr'>Nimirum</span> <span class='ocrx_word' id='word_1_38' title='bbox 976 824 1010 888; x_wconf 93' lang='lat' dir='ltr'>in</span> <span class='ocrx_word' id='word_1_39' title='bbox 1037 823 1110 903; x_wconf 91' lang='lat' dir='ltr'>hac,</span> <span class='ocrx_word' id='word_1_40' title='bbox 1125 843 1226 907; x_wconf 88' lang='lat' dir='ltr'>quam</span> <span class='ocrx_word' id='word_1_41' title='bbox 1243 824 1402 899; x_wconf 87' lang='lat' dir='ltr'>diximus,</span> <span class='ocrx_word' id='word_1_42' title='bbox 1418 830 1515 886; x_wconf 91' lang='lat' dir='ltr'>tanta</span> 
     </span>
    </p>
   </div>
   <div class='ocr_carea' id='block_1_4' title="bbox 224 904 1515 1424">
    <p class='ocr_par' dir='ltr' id='par_1_4' title="bbox 224 904 1515 1424">
     <span class='ocr_line' id='line_1_6' title="bbox 224 904 1514 1011; baseline 0 -25"><span class='ocrx_word' id='word_1_43' title='bbox 224 904 377 1011; x_wconf 48' lang='lat' dir='ltr'>{om‘fres&#39;ss&#39;ss</span> <span class='ocrx_word' id='word_1_44' title='bbox 402 945 440 988; x_wconf 91' lang='lat' dir='ltr'>ac</span> <span class='ocrx_word' id='word_1_45' title='bbox 457 933 527 989; x_wconf 88' lang='lat' dir='ltr'>tam</span> <span class='ocrx_word' id='word_1_46' title='bbox 543 924 611 990; x_wconf 90' lang='lat' dir='ltr'>late</span> <span class='ocrx_word' id='word_1_47' title='bbox 634 926 707 989; x_wconf 84' lang='lat' dir='ltr'>fusa</span> <span class='ocrx_word' id='word_1_48' title='bbox 733 926 931 1010; x_wconf 90' lang='lat' dir='ltr'>opinionum</span> <span class='ocrx_word' id='word_1_49' title='bbox 958 927 1098 1005; x_wconf 88' lang='lat' dir='ltr'>insania,</span> <span class='ocrx_word' id='word_1_50' title='bbox 1119 926 1270 1010; x_wconf 88' lang='lat' dir='ltr'>prolecto</span> <span class='ocrx_word' id='word_1_51' title='bbox 1290 924 1514 1009; x_wconf 88' lang='lat' dir='ltr'>patrocinium</span> 
     </span>
     <span class='ocr_line' id='line_1_7' title="bbox 227 1010 1515 1112; baseline 0.001 -20"><span class='ocrx_word' id='word_1_52' title='bbox 227 1010 337 1058; x_wconf 46' lang='grc' dir='ltr'>ΜΨ</span> <span class='ocrx_word' id='word_1_53' title='bbox 401 1029 570 1112; x_wconf 81' lang='lat' dir='ltr'>suscipere</span> <span class='ocrx_word' id='word_1_54' title='bbox 586 1030 745 1108; x_wconf 85' lang='lat' dir='ltr'>ueritatis,</span> <span class='ocrx_word' id='word_1_55' title='bbox 761 1050 955 1112; x_wconf 86' lang='lat' dir='ltr'>erroresque</span> <span class='ocrx_word' id='word_1_56' title='bbox 971 1030 1154 1094; x_wconf 88' lang='lat' dir='ltr'>exanimis</span> <span class='ocrx_word' id='word_1_57' title='bbox 1176 1028 1327 1107; x_wconf 88' lang='lat' dir='ltr'>evellere,</span> <span class='ocrx_word' id='word_1_58' title='bbox 1344 1027 1515 1094; x_wconf 85' lang='lat' dir='ltr'>Ecclesiae</span> 
     </span>
     <span class='ocr_line' id='line_1_8' title="bbox 403 1133 1514 1218; baseline 0 -22"><span class='ocrx_word' id='word_1_59' title='bbox 403 1151 525 1197; x_wconf 90' lang='lat' dir='ltr'>munus</span> <span class='ocrx_word' id='word_1_60' title='bbox 537 1141 599 1209; x_wconf 89' lang='lat' dir='ltr'>est,</span> <span class='ocrx_word' id='word_1_61' title='bbox 614 1133 715 1216; x_wconf 89' lang='lat' dir='ltr'>idque</span> <span class='ocrx_word' id='word_1_62' title='bbox 731 1135 824 1198; x_wconf 93' lang='lat' dir='ltr'>omni</span> <span class='ocrx_word' id='word_1_63' title='bbox 841 1145 993 1218; x_wconf 86' lang='lat' dir='ltr'>ternpore</span> <span class='ocrx_word' id='word_1_64' title='bbox 1009 1144 1192 1218; x_wconf 90' lang='lat' dir='ltr'>sancteque</span> <span class='ocrx_word' id='word_1_65' title='bbox 1208 1133 1420 1210; x_wconf 88' lang='lat' dir='ltr'>servandum,</span> <span class='ocrx_word' id='word_1_66' title='bbox 1436 1133 1514 1216; x_wconf 89' lang='lat' dir='ltr'>quia</span> 
     </span>
     <span class='ocr_line' id='line_1_9' title="bbox 402 1235 1515 1313; baseline 0 -13"><span class='ocrx_word' id='word_1_67' title='bbox 402 1236 510 1300; x_wconf 89' lang='lat' dir='ltr'>honor</span> <span class='ocrx_word' id='word_1_68' title='bbox 527 1235 602 1313; x_wconf 89' lang='lat' dir='ltr'>Dei,</span> <span class='ocrx_word' id='word_1_69' title='bbox 618 1257 656 1300; x_wconf 95' lang='lat' dir='ltr'>ac</span> <span class='ocrx_word' id='word_1_70' title='bbox 673 1237 763 1300; x_wconf 89' lang='lat' dir='ltr'>salus</span> <span class='ocrx_word' id='word_1_71' title='bbox 787 1237 963 1302; x_wconf 91' lang='lat' dir='ltr'>hominurn</span> <span class='ocrx_word' id='word_1_72' title='bbox 980 1239 1013 1302; x_wconf 93' lang='lat' dir='ltr'>in</span> <span class='ocrx_word' id='word_1_73' title='bbox 1038 1239 1109 1302; x_wconf 88' lang='lat' dir='ltr'>eius</span> <span class='ocrx_word' id='word_1_74' title='bbox 1125 1247 1204 1304; x_wconf 90' lang='lat' dir='ltr'>sunt</span> <span class='ocrx_word' id='word_1_75' title='bbox 1220 1236 1335 1302; x_wconf 89' lang='lat' dir='ltr'>tutela.</span> <span class='ocrx_word' id='word_1_76' title='bbox 1359 1235 1408 1300; x_wconf 89' lang='lat' dir='ltr'>At</span> <span class='ocrx_word' id='word_1_77' title='bbox 1427 1255 1515 1313; x_wconf 87' lang='lat' dir='ltr'>vero,</span> 
     </span>
     <span class='ocr_line' id='line_1_10' title="bbox 402 1339 1515 1424; baseline -0.004 -18"><span class='ocrx_word' id='word_1_78' title='bbox 402 1359 479 1406; x_wconf 90' lang='lat' dir='ltr'>cum</span> <span class='ocrx_word' id='word_1_79' title='bbox 496 1340 676 1404; x_wconf 87' lang='lat' dir='ltr'>necessitas</span> <span class='ocrx_word' id='word_1_80' title='bbox 692 1342 793 1424; x_wconf 85' lang='lat' dir='ltr'>cogit,</span> <span class='ocrx_word' id='word_1_81' title='bbox 808 1341 1074 1408; x_wconf 87' lang='lat' dir='ltr'>incolumitatem</span> <span class='ocrx_word' id='word_1_82' title='bbox 1087 1342 1164 1406; x_wconf 88' lang='lat' dir='ltr'>fidei</span> <span class='ocrx_word' id='word_1_83' title='bbox 1181 1340 1265 1406; x_wconf 91' lang='lat' dir='ltr'>tueri</span> <span class='ocrx_word' id='word_1_84' title='bbox 1283 1361 1349 1404; x_wconf 91' lang='lat' dir='ltr'>non</span> <span class='ocrx_word' id='word_1_85' title='bbox 1367 1340 1389 1403; x_wconf 94' lang='lat' dir='ltr'>ii</span> <span class='ocrx_word' id='word_1_86' title='bbox 1405 1339 1515 1403; x_wconf 89' lang='lat' dir='ltr'>solum</span> 
     </span>
    </p>
   </div>
   <div class='ocr_carea' id='block_1_5' title="bbox 402 1440 1517 1528">
    <p class='ocr_par' dir='ltr' id='par_1_5' title="bbox 402 1440 1517 1528">
     <span class='ocr_line' id='line_1_11' title="bbox 402 1440 1517 1528; baseline -0.003 -20"><span class='ocrx_word' id='word_1_87' title='bbox 402 1443 528 1508; x_wconf 91' lang='lat' dir='ltr'>debent</span> <span class='ocrx_word' id='word_1_88' title='bbox 544 1443 601 1527; x_wconf 91' lang='lat' dir='ltr'>qui</span> <span class='ocrx_word' id='word_1_89' title='bbox 629 1455 798 1526; x_wconf 84' lang='lat' dir='ltr'>praesunt,</span> <span class='ocrx_word' id='word_1_90' title='bbox 812 1445 871 1508; x_wconf 89' lang='lat' dir='ltr'>sed</span> <span class='ocrx_word' id='word_1_91' title='bbox 894 1445 1031 1528; x_wconf 82' lang='lat' dir='ltr'>quilibet</span> <span class='ocrx_word' id='word_1_92' title='bbox 1051 1455 1180 1509; x_wconf 82' lang='lat' dir='ltr'>tenetur</span> <span class='ocrx_word' id='word_1_93' title='bbox 1186 1443 1291 1528; x_wconf 83' lang='lat' dir='ltr'>fidem</span> <span class='ocrx_word' id='word_1_94' title='bbox 1317 1463 1413 1506; x_wconf 72' lang='lat' dir='ltr'>sicam</span> <span class='ocrx_word' id='word_1_95' title='bbox 1437 1440 1517 1506; x_wconf 87' lang='lat' dir='ltr'>aliis</span> 
     </span>
    </p>
   </div>
   <div class='ocr_carea' id='block_1_6' title="bbox 364 1547 1622 2466">
    <p class='ocr_par' dir='ltr' id='par_1_6' title="bbox 396 1547 1622 2362">
     <span class='ocr_line' id='line_1_12' title="bbox 396 1547 1518 1638; baseline 0.007 -29"><span class='ocrx_word' id='word_1_96' title='bbox 396 1547 579 1630; x_wconf 77' lang='lat' dir='ltr'>propalare,</span> <span class='ocrx_word' id='word_1_97' title='bbox 595 1547 651 1612; x_wconf 81' lang='lat' dir='ltr'>vel</span> <span class='ocrx_word' id='word_1_98' title='bbox 661 1547 710 1611; x_wconf 88' lang='lat' dir='ltr'>ad</span> <span class='ocrx_word' id='word_1_99' title='bbox 730 1547 976 1614; x_wconf 81' lang='lat' dir='ltr'>instructionem</span> <span class='ocrx_word' id='word_1_100' title='bbox 992 1552 1136 1619; x_wconf 80' lang='lat' dir='ltr'>aliomm</span> <span class='ocrx_word' id='word_1_101' title='bbox 1142 1555 1297 1638; x_wconf 84' lang='lat' dir='ltr'>fidelium</span> <span class='ocrx_word' id='word_1_102' title='bbox 1319 1553 1390 1619; x_wconf 78' lang='lat' dir='ltr'>sive</span> <span class='ocrx_word' id='word_1_103' title='bbox 1403 1555 1518 1638; x_wconf 83' lang='lat' dir='ltr'>confir·</span> 
     </span>
     <span class='ocr_line' id='line_1_13' title="bbox 403 1650 1622 1741; baseline 0.006 -27"><span class='ocrx_word' id='word_1_104' title='bbox 403 1650 590 1726; x_wconf 66' lang='lat' dir='ltr'>arationem,</span> <span class='ocrx_word' id='word_1_105' title='bbox 605 1651 659 1714; x_wconf 82' lang='lat' dir='ltr'>uel</span> <span class='ocrx_word' id='word_1_106' title='bbox 671 1651 719 1714; x_wconf 84' lang='lat' dir='ltr'>ad</span> <span class='ocrx_word' id='word_1_107' title='bbox 734 1651 975 1733; x_wconf 84' lang='lat' dir='ltr'>reprimendum</span> <span class='ocrx_word' id='word_1_108' title='bbox 997 1656 1182 1741; x_wconf 81' lang='lat' dir='ltr'>infidelium</span> <span class='ocrx_word' id='word_1_109' title='bbox 1204 1656 1477 1740; x_wconf 77' lang='lat' dir='ltr'>insultationem(</span> <span class='ocrx_word' id='word_1_110' title='bbox 1496 1660 1517 1739; x_wconf 90' lang='lat'>).</span> <span class='ocrx_word' id='word_1_111' title='bbox 1617 1651 1622 1664; x_wconf 81' lang='grc'><strong>”</strong></span> 
     </span>
     <span class='ocr_line' id='line_1_14' title="bbox 404 1754 1517 1844; baseline 0.004 -24"><span class='ocrx_word' id='word_1_112' title='bbox 404 1754 533 1820; x_wconf 81' lang='lat' dir='ltr'>Cedere</span> <span class='ocrx_word' id='word_1_113' title='bbox 563 1754 662 1833; x_wconf 90' lang='lat' dir='ltr'>hosti,</span> <span class='ocrx_word' id='word_1_114' title='bbox 688 1755 740 1818; x_wconf 90' lang='lat' dir='ltr'>vel</span> <span class='ocrx_word' id='word_1_115' title='bbox 772 1776 889 1820; x_wconf 86' lang='lat' dir='ltr'>vocem</span> <span class='ocrx_word' id='word_1_116' title='bbox 920 1776 1081 1839; x_wconf 87' lang='lat' dir='ltr'>premere,</span> <span class='ocrx_word' id='word_1_117' title='bbox 1114 1781 1190 1826; x_wconf 91' lang='lat' dir='ltr'>cum</span> <span class='ocrx_word' id='word_1_118' title='bbox 1223 1770 1338 1826; x_wconf 90' lang='lat' dir='ltr'>tantus</span> <span class='ocrx_word' id='word_1_119' title='bbox 1368 1761 1517 1844; x_wconf 90' lang='lat' dir='ltr'>undique</span> 
     </span>
     <span class='ocr_line' id='line_1_15' title="bbox 403 1859 1516 1943; baseline 0.004 -19"><span class='ocrx_word' id='word_1_120' title='bbox 403 1859 647 1942; x_wconf 90' lang='lat' dir='ltr'>opprimendae</span> <span class='ocrx_word' id='word_1_121' title='bbox 662 1860 795 1924; x_wconf 86' lang='lat' dir='ltr'>veritati</span> <span class='ocrx_word' id='word_1_122' title='bbox 812 1859 941 1926; x_wconf 91' lang='lat' dir='ltr'>tollitur</span> <span class='ocrx_word' id='word_1_123' title='bbox 952 1862 1088 1943; x_wconf 91' lang='lat' dir='ltr'>clamor,</span> <span class='ocrx_word' id='word_1_124' title='bbox 1098 1874 1157 1930; x_wconf 91' lang='lat' dir='ltr'>aut</span> <span class='ocrx_word' id='word_1_125' title='bbox 1166 1865 1281 1929; x_wconf 88' lang='lat' dir='ltr'>inertis</span> <span class='ocrx_word' id='word_1_126' title='bbox 1294 1864 1439 1928; x_wconf 90' lang='lat' dir='ltr'>hominis</span> <span class='ocrx_word' id='word_1_127' title='bbox 1456 1874 1516 1942; x_wconf 87' lang='lat' dir='ltr'>est,</span> 
     </span>
     <span class='ocr_line' id='line_1_16' title="bbox 403 1961 1517 2045; baseline 0.004 -21"><span class='ocrx_word' id='word_1_128' title='bbox 403 1969 463 2026; x_wconf 89' lang='lat' dir='ltr'>aut</span> <span class='ocrx_word' id='word_1_129' title='bbox 487 1962 530 2025; x_wconf 90' lang='lat' dir='ltr'>de</span> <span class='ocrx_word' id='word_1_130' title='bbox 561 1961 609 2040; x_wconf 91' lang='lat' dir='ltr'>iis,</span> <span class='ocrx_word' id='word_1_131' title='bbox 635 1983 722 2045; x_wconf 91' lang='lat' dir='ltr'>quae</span> <span class='ocrx_word' id='word_1_132' title='bbox 753 1961 936 2044; x_wconf 85' lang='lat' dir='ltr'>profitetur,</span> <span class='ocrx_word' id='word_1_133' title='bbox 968 1975 1079 2031; x_wconf 92' lang='lat' dir='ltr'>utrum</span> <span class='ocrx_word' id='word_1_134' title='bbox 1110 1987 1189 2032; x_wconf 90' lang='lat' dir='ltr'>vera</span> <span class='ocrx_word' id='word_1_135' title='bbox 1218 1967 1296 2044; x_wconf 91' lang='lat' dir='ltr'>sint,</span> <span class='ocrx_word' id='word_1_136' title='bbox 1321 1966 1517 2031; x_wconf 88' lang='lat' dir='ltr'>dubitantis.</span> 
     </span>
     <span class='ocr_line' id='line_1_17' title="bbox 405 2067 1515 2154; baseline 0.002 -22"><span class='ocrx_word' id='word_1_137' title='bbox 405 2067 599 2151; x_wconf 86' lang='lat' dir='ltr'>Utrumque</span> <span class='ocrx_word' id='word_1_138' title='bbox 628 2075 734 2150; x_wconf 90' lang='lat' dir='ltr'>turpe,</span> <span class='ocrx_word' id='word_1_139' title='bbox 761 2079 863 2150; x_wconf 90' lang='lat' dir='ltr'>atque</span> <span class='ocrx_word' id='word_1_140' title='bbox 888 2069 1084 2137; x_wconf 90' lang='lat' dir='ltr'>iniuriosum</span> <span class='ocrx_word' id='word_1_141' title='bbox 1113 2073 1208 2136; x_wconf 92' lang='lat' dir='ltr'>Deo:</span> <span class='ocrx_word' id='word_1_142' title='bbox 1235 2081 1413 2154; x_wconf 91' lang='lat' dir='ltr'>utrumque</span> <span class='ocrx_word' id='word_1_143' title='bbox 1439 2089 1515 2134; x_wconf 89' lang='lat' dir='ltr'>cum</span> 
     </span>
     <span class='ocr_line' id='line_1_18' title="bbox 404 2169 1517 2258; baseline 0.003 -26"><span class='ocrx_word' id='word_1_144' title='bbox 404 2169 613 2253; x_wconf 88' lang='lat' dir='ltr'>singulorum</span> <span class='ocrx_word' id='word_1_145' title='bbox 644 2180 716 2235; x_wconf 92' lang='lat' dir='ltr'>tum</span> <span class='ocrx_word' id='word_1_146' title='bbox 747 2173 918 2236; x_wconf 90' lang='lat' dir='ltr'>communi</span> <span class='ocrx_word' id='word_1_147' title='bbox 951 2173 1050 2240; x_wconf 91' lang='lat' dir='ltr'>saluti</span> <span class='ocrx_word' id='word_1_148' title='bbox 1081 2193 1295 2258; x_wconf 87' lang='lat' dir='ltr'>repugnans:</span> <span class='ocrx_word' id='word_1_149' title='bbox 1330 2173 1409 2237; x_wconf 90' lang='lat' dir='ltr'>solis</span> <span class='ocrx_word' id='word_1_150' title='bbox 1440 2170 1517 2236; x_wconf 87' lang='lat' dir='ltr'>fidei</span> 
     </span>
     <span class='ocr_line' id='line_1_19' title="bbox 404 2273 1517 2362; baseline 0.003 -26"><span class='ocrx_word' id='word_1_151' title='bbox 404 2273 548 2338; x_wconf 89' lang='lat' dir='ltr'>inimicis</span> <span class='ocrx_word' id='word_1_152' title='bbox 571 2273 788 2352; x_wconf 81' lang='lat' dir='ltr'>fructuosum,</span> <span class='ocrx_word' id='word_1_153' title='bbox 809 2277 888 2358; x_wconf 91' lang='lat' dir='ltr'>quia</span> <span class='ocrx_word' id='word_1_154' title='bbox 909 2278 1008 2343; x_wconf 90' lang='lat' dir='ltr'>valde</span> <span class='ocrx_word' id='word_1_155' title='bbox 1024 2289 1126 2362; x_wconf 89' lang='lat' dir='ltr'>auget</span> <span class='ocrx_word' id='word_1_156' title='bbox 1153 2277 1320 2342; x_wconf 90' lang='lat' dir='ltr'>remissior</span> <span class='ocrx_word' id='word_1_157' title='bbox 1336 2277 1517 2358; x_wconf 90' lang='lat' dir='ltr'>proborum</span> 
     </span>
    </p>

    <p class='ocr_par' dir='ltr' id='par_1_7' title="bbox 364 2378 1516 2466">
     <span class='ocr_line' id='line_1_20' title="bbox 364 2378 1516 2466; baseline 0 -24"><span class='ocrx_word' id='word_1_158' title='bbox 364 2435 369 2448; x_wconf 95' lang='grc'>,</span> <span class='ocrx_word' id='word_1_159' title='bbox 404 2378 942 2460; x_wconf 87' lang='lat' dir='ltr'>operaaudaciamimproborum.</span> <span class='ocrx_word' id='word_1_160' title='bbox 959 2383 1131 2466; x_wconf 88' lang='lat' dir='ltr'>-quue</span> <span class='ocrx_word' id='word_1_161' title='bbox 1141 2381 1248 2463; x_wconf 88' lang='lat' dir='ltr'>magis</span> <span class='ocrx_word' id='word_1_162' title='bbox 1260 2379 1516 2444; x_wconf 89' lang='lat' dir='ltr'>christianorum</span> 
     </span>
    </p>
   </div>
   <div class='ocr_carea' id='block_1_7' title="bbox 229 2437 1518 2568">
    <p class='ocr_par' dir='ltr' id='par_1_8' title="bbox 229 2437 1518 2568">
     <span class='ocr_line' id='line_1_21' title="bbox 229 2437 1518 2568; baseline -0.008 -12"><span class='ocrx_word' id='word_1_163' title='bbox 229 2437 382 2556; x_wconf 40' lang='lat' dir='ltr'>iiim&amp;</span> <span class='ocrx_word' id='word_1_164' title='bbox 405 2487 626 2568; x_wconf 87' lang='lat' dir='ltr'>vituperanda</span> <span class='ocrx_word' id='word_1_165' title='bbox 643 2485 811 2568; x_wconf 88' lang='lat' dir='ltr'>segnities,</span> <span class='ocrx_word' id='word_1_166' title='bbox 826 2487 905 2568; x_wconf 88' lang='lat' dir='ltr'>quia</span> <span class='ocrx_word' id='word_1_167' title='bbox 918 2485 1002 2550; x_wconf 89' lang='lat' dir='ltr'>lalsa</span> <span class='ocrx_word' id='word_1_168' title='bbox 1013 2486 1153 2548; x_wconf 91' lang='lat' dir='ltr'>crimina</span> <span class='ocrx_word' id='word_1_169' title='bbox 1169 2484 1261 2560; x_wconf 91' lang='lat' dir='ltr'>dilui,</span> <span class='ocrx_word' id='word_1_170' title='bbox 1275 2483 1518 2565; x_wconf 88' lang='lat' dir='ltr'>opinionesque</span> 
     </span>
    </p>
   </div>
   <div class='ocr_carea' id='block_1_8' title="bbox 227 2557 1522 3822">
    <p class='ocr_par' dir='ltr' id='par_1_9' title="bbox 227 2557 1519 2878">
     <span class='ocr_line' id='line_1_22' title="bbox 227 2557 1518 2670; baseline -0.005 -17"><span class='ocrx_word' id='word_1_171' title='bbox 227 2557 381 2661; x_wconf 46' lang='lat' dir='ltr'>camum</span> <span class='ocrx_word' id='word_1_172' title='bbox 406 2607 528 2668; x_wconf 83' lang='lat' dir='ltr'>prauae</span> <span class='ocrx_word' id='word_1_173' title='bbox 541 2587 704 2653; x_wconf 81' lang='lat' dir='ltr'>confutari</span> <span class='ocrx_word' id='word_1_174' title='bbox 720 2586 784 2651; x_wconf 86' lang='lat' dir='ltr'>levi</span> <span class='ocrx_word' id='word_1_175' title='bbox 800 2589 948 2670; x_wconf 88' lang='lat' dir='ltr'>negotio,</span> <span class='ocrx_word' id='word_1_176' title='bbox 960 2597 997 2651; x_wconf 92' lang='lat' dir='ltr'>ut</span> <span class='ocrx_word' id='word_1_177' title='bbox 1009 2588 1200 2670; x_wconf 90' lang='lat' dir='ltr'>plurimum,</span> <span class='ocrx_word' id='word_1_178' title='bbox 1215 2598 1375 2670; x_wconf 86' lang='lat' dir='ltr'>possunt:</span> <span class='ocrx_word' id='word_1_179' title='bbox 1392 2586 1518 2652; x_wconf 87' lang='lat' dir='ltr'>maiore</span> 
     </span>
     <span class='ocr_line' id='line_1_23' title="bbox 228 2675 1519 2776; baseline -0.006 -19"><span class='ocrx_word' id='word_1_180' title='bbox 228 2675 351 2734; x_wconf 60' lang='lat'>‘&#39;3¹⁰⁶‘&#39;</span> <span class='ocrx_word' id='word_1_181' title='bbox 406 2691 519 2776; x_wconf 84' lang='lat' dir='ltr'>aliquo</span> <span class='ocrx_word' id='word_1_182' title='bbox 546 2713 622 2756; x_wconf 94' lang='lat' dir='ltr'>cum</span> <span class='ocrx_word' id='word_1_183' title='bbox 647 2692 760 2756; x_wconf 86' lang='lat' dir='ltr'>labore</span> <span class='ocrx_word' id='word_1_184' title='bbox 785 2712 917 2774; x_wconf 86' lang='lat' dir='ltr'>semper</span> <span class='ocrx_word' id='word_1_185' title='bbox 941 2700 1089 2772; x_wconf 90' lang='lat' dir='ltr'>possunt.</span> <span class='ocrx_word' id='word_1_186' title='bbox 1108 2689 1164 2754; x_wconf 83' lang='lat' dir='ltr'>A&#39;d</span> <span class='ocrx_word' id='word_1_187' title='bbox 1190 2697 1391 2763; x_wconf 87' lang='lat' dir='ltr'>extremum,</span> <span class='ocrx_word' id='word_1_188' title='bbox 1418 2705 1519 2750; x_wconf 92' lang='lat' dir='ltr'>nemo</span> 
     </span>
     <span class='ocr_line' id='line_1_24' title="bbox 407 2790 1519 2878; baseline -0.005 -20"><span class='ocrx_word' id='word_1_189' title='bbox 407 2815 492 2858; x_wconf 90' lang='lat' dir='ltr'>unus</span> <span class='ocrx_word' id='word_1_190' title='bbox 509 2795 705 2878; x_wconf 90' lang='lat' dir='ltr'>prohibetur</span> <span class='ocrx_word' id='word_1_191' title='bbox 721 2812 795 2860; x_wconf 87' lang='lat' dir='ltr'>earn</span> <span class='ocrx_word' id='word_1_192' title='bbox 812 2795 972 2859; x_wconf 87' lang='lat' dir='ltr'>adhibere</span> <span class='ocrx_word' id='word_1_193' title='bbox 984 2815 1023 2859; x_wconf 91' lang='lat' dir='ltr'>ac</span> <span class='ocrx_word' id='word_1_194' title='bbox 1039 2794 1262 2878; x_wconf 75' lang='lat' dir='ltr'>praeseferre</span> <span class='ocrx_word' id='word_1_195' title='bbox 1278 2790 1519 2866; x_wconf 84' lang='lat' dir='ltr'>fortitudinem,</span> 
     </span>
    </p>

    <p class='ocr_par' dir='ltr' id='par_1_10' title="bbox 406 2893 1519 3186">
     <span class='ocr_line' id='line_1_25' title="bbox 406 2893 1519 2982; baseline -0.006 -20"><span class='ocrx_word' id='word_1_196' title='bbox 406 2919 493 2982; x_wconf 87' lang='lat' dir='ltr'>quae</span> <span class='ocrx_word' id='word_1_197' title='bbox 508 2899 643 2982; x_wconf 90' lang='lat' dir='ltr'>propria</span> <span class='ocrx_word' id='word_1_198' title='bbox 667 2908 718 2963; x_wconf 90' lang='lat' dir='ltr'>est</span> <span class='ocrx_word' id='word_1_199' title='bbox 744 2897 1023 2963; x_wconf 88' lang='lat' dir='ltr'>christianorum:</span> <span class='ocrx_word' id='word_1_200' title='bbox 1043 2918 1111 2980; x_wconf 91' lang='lat' dir='ltr'>qua</span> <span class='ocrx_word' id='word_1_201' title='bbox 1136 2896 1208 2978; x_wconf 90' lang='lat' dir='ltr'>ipsa</span> <span class='ocrx_word' id='word_1_202' title='bbox 1225 2915 1291 2959; x_wconf 91' lang='lat' dir='ltr'>non</span> <span class='ocrx_word' id='word_1_203' title='bbox 1318 2915 1392 2958; x_wconf 87' lang='lat' dir='ltr'>raro</span> <span class='ocrx_word' id='word_1_204' title='bbox 1414 2893 1519 2957; x_wconf 90' lang='lat' dir='ltr'>animi</span> 
     </span>
     <span class='ocr_line' id='line_1_26' title="bbox 406 3000 1519 3084; baseline -0.006 -18"><span class='ocrx_word' id='word_1_205' title='bbox 406 3003 672 3066; x_wconf 86' lang='lat' dir='ltr'>adversariorum</span> <span class='ocrx_word' id='word_1_206' title='bbox 715 3010 749 3065; x_wconf 89' lang='lat' dir='ltr'>et</span> <span class='ocrx_word' id='word_1_207' title='bbox 788 3002 928 3066; x_wconf 89' lang='lat' dir='ltr'>consilia</span> <span class='ocrx_word' id='word_1_208' title='bbox 962 3001 1170 3084; x_wconf 80' lang='lat' dir='ltr'>franguntur.</span> <span class='ocrx_word' id='word_1_209' title='bbox 1213 3000 1299 3066; x_wconf 92' lang='lat' dir='ltr'>Sunt</span> <span class='ocrx_word' id='word_1_210' title='bbox 1346 3008 1519 3082; x_wconf 89' lang='lat' dir='ltr'>praeterea</span> 
     </span>
     <span class='ocr_line' id='line_1_27' title="bbox 406 3099 1518 3186; baseline -0.008 -16"><span class='ocrx_word' id='word_1_211' title='bbox 406 3105 579 3170; x_wconf 91' lang='lat' dir='ltr'>christiani</span> <span class='ocrx_word' id='word_1_212' title='bbox 600 3105 643 3170; x_wconf 91' lang='lat' dir='ltr'>ad</span> <span class='ocrx_word' id='word_1_213' title='bbox 669 3106 920 3171; x_wconf 86' lang='lat' dir='ltr'>dimicationem</span> <span class='ocrx_word' id='word_1_214' title='bbox 950 3106 1041 3170; x_wconf 89' lang='lat' dir='ltr'>nati:</span> <span class='ocrx_word' id='word_1_215' title='bbox 1069 3105 1163 3169; x_wconf 91' lang='lat' dir='ltr'>cuius</span> <span class='ocrx_word' id='word_1_216' title='bbox 1178 3125 1246 3186; x_wconf 91' lang='lat' dir='ltr'>quo</span> <span class='ocrx_word' id='word_1_217' title='bbox 1264 3102 1369 3166; x_wconf 88' lang='lat' dir='ltr'>maior</span> <span class='ocrx_word' id='word_1_218' title='bbox 1393 3111 1443 3164; x_wconf 91' lang='lat' dir='ltr'>est</span> <span class='ocrx_word' id='word_1_219' title='bbox 1459 3099 1518 3172; x_wconf 84' lang='lat' dir='ltr'>vis,</span> 
     </span>
    </p>

    <p class='ocr_par' dir='ltr' id='par_1_11' title="bbox 405 3202 1522 3494">
     <span class='ocr_line' id='line_1_28' title="bbox 405 3202 1522 3292; baseline -0.008 -17"><span class='ocrx_word' id='word_1_220' title='bbox 405 3230 447 3275; x_wconf 89' lang='lat' dir='ltr'>eo</span> <span class='ocrx_word' id='word_1_221' title='bbox 477 3211 607 3286; x_wconf 90' lang='lat' dir='ltr'>certior,</span> <span class='ocrx_word' id='word_1_222' title='bbox 642 3210 718 3273; x_wconf 89' lang='lat' dir='ltr'>Deo</span> <span class='ocrx_word' id='word_1_223' title='bbox 745 3210 942 3292; x_wconf 87' lang='lat' dir='ltr'>opitulante,</span> <span class='ocrx_word' id='word_1_224' title='bbox 969 3209 1118 3274; x_wconf 87' lang='lat' dir='ltr'>victoria.</span> <span class='ocrx_word' id='word_1_225' title='bbox 1152 3205 1333 3292; x_wconf 72' lang='lat' dir='ltr'>confidite:</span> <span class='ocrx_word' id='word_1_226' title='bbox 1361 3226 1418 3288; x_wconf 80' lang='lat' dir='ltr'>ego</span> <span class='ocrx_word' id='word_1_227' title='bbox 1455 3202 1522 3268; x_wconf 86' lang='lat' dir='ltr'>vici</span> 
     </span>
     <span class='ocr_line' id='line_1_29' title="bbox 407 3308 1522 3396; baseline -0.003 -21"><span class='ocrx_word' id='word_1_228' title='bbox 407 3314 567 3378; x_wconf 82' lang='lat' dir='ltr'>mundum</span> <span class='ocrx_word' id='word_1_229' title='bbox 583 3312 635 3396; x_wconf 81' lang='lat'>(²).</span> <span class='ocrx_word' id='word_1_230' title='bbox 652 3313 772 3396; x_wconf 91' lang='lat' dir='ltr'>Neque</span> <span class='ocrx_word' id='word_1_231' title='bbox 797 3321 848 3377; x_wconf 88' lang='lat' dir='ltr'>est</span> <span class='ocrx_word' id='word_1_232' title='bbox 864 3314 954 3396; x_wconf 91' lang='lat' dir='ltr'>quod</span> <span class='ocrx_word' id='word_1_233' title='bbox 970 3323 1121 3395; x_wconf 93' lang='lat' dir='ltr'>opponat</span> <span class='ocrx_word' id='word_1_234' title='bbox 1144 3312 1332 3395; x_wconf 89' lang='lat' dir='ltr'>quisquam,</span> <span class='ocrx_word' id='word_1_235' title='bbox 1350 3308 1522 3373; x_wconf 88' lang='lat' dir='ltr'>Ecclesiae</span> 
     </span>
     <span class='ocr_line' id='line_1_30' title="bbox 405 3415 1520 3494; baseline -0.005 -14"><span class='ocrx_word' id='word_1_236' title='bbox 405 3427 675 3482; x_wconf 87' lang='lat' dir='ltr'>conservatorem</span> <span class='ocrx_word' id='word_1_237' title='bbox 692 3437 731 3479; x_wconf 91' lang='lat' dir='ltr'>ac</span> <span class='ocrx_word' id='word_1_238' title='bbox 759 3416 924 3480; x_wconf 88' lang='lat' dir='ltr'>vindicem</span> <span class='ocrx_word' id='word_1_239' title='bbox 944 3417 1064 3480; x_wconf 80' lang='lat' dir='ltr'>IESUM</span> <span class='ocrx_word' id='word_1_240' title='bbox 1082 3415 1285 3480; x_wconf 75' lang='lat' dir='ltr'>CHRISTUM</span> <span class='ocrx_word' id='word_1_241' title='bbox 1306 3431 1520 3494; x_wconf 92' lang='lat' dir='ltr'>nequaquam</span> 
     </span>
    </p>

    <p class='ocr_par' dir='ltr' id='par_1_12' title="bbox 404 3515 1522 3706">
     <span class='ocr_line' id='line_1_31' title="bbox 404 3515 1519 3610; baseline -0.005 -27"><span class='ocrx_word' id='word_1_242' title='bbox 404 3539 508 3602; x_wconf 89' lang='lat' dir='ltr'>opera</span> <span class='ocrx_word' id='word_1_243' title='bbox 538 3519 713 3583; x_wconf 91' lang='lat' dir='ltr'>hominum</span> <span class='ocrx_word' id='word_1_244' title='bbox 748 3519 907 3600; x_wconf 89' lang='lat' dir='ltr'>indigere.</span> <span class='ocrx_word' id='word_1_245' title='bbox 933 3520 1011 3610; x_wconf 77' lang='lat' dir='ltr'>an</span> <span class='ocrx_word' id='word_1_246' title='bbox 1042 3520 1133 3582; x_wconf 91' lang='lat' dir='ltr'>enim</span> <span class='ocrx_word' id='word_1_247' title='bbox 1158 3517 1273 3599; x_wconf 91' lang='lat' dir='ltr'>inopia</span> <span class='ocrx_word' id='word_1_248' title='bbox 1300 3515 1429 3591; x_wconf 87' lang='lat' dir='ltr'>virium,</span> <span class='ocrx_word' id='word_1_249' title='bbox 1461 3515 1519 3578; x_wconf 90' lang='lat' dir='ltr'>sed</span> 
     </span>
     <span class='ocr_line' id='line_1_32' title="bbox 409 3619 1522 3706; baseline -0.005 -18"><span class='ocrx_word' id='word_1_250' title='bbox 409 3623 643 3706; x_wconf 88' lang='lat' dir='ltr'>magnitudine</span> <span class='ocrx_word' id='word_1_251' title='bbox 659 3624 819 3688; x_wconf 90' lang='lat' dir='ltr'>bonitatis</span> <span class='ocrx_word' id='word_1_252' title='bbox 837 3623 908 3688; x_wconf 92' lang='lat' dir='ltr'>vult</span> <span class='ocrx_word' id='word_1_253' title='bbox 922 3623 976 3687; x_wconf 90' lang='lat' dir='ltr'>ille</span> <span class='ocrx_word' id='word_1_254' title='bbox 993 3634 1029 3687; x_wconf 94' lang='lat' dir='ltr'>ut</span> <span class='ocrx_word' id='word_1_255' title='bbox 1045 3623 1171 3705; x_wconf 89' lang='lat' dir='ltr'>aliquid</span> <span class='ocrx_word' id='word_1_256' title='bbox 1182 3642 1203 3685; x_wconf 91' lang='lat' dir='ltr'>a</span> <span class='ocrx_word' id='word_1_257' title='bbox 1219 3620 1315 3684; x_wconf 89' lang='lat' dir='ltr'>nobis</span> <span class='ocrx_word' id='word_1_258' title='bbox 1331 3619 1522 3682; x_wconf 84' lang='lat' dir='ltr'>conseratur</span> 
     </span>
    </p>

    <p class='ocr_par' dir='ltr' id='par_1_13' title="bbox 330 3720 1520 3822">
     <span class='ocr_line' id='line_1_33' title="bbox 330 3720 1520 3822; baseline -0.008 -31"><span class='ocrx_word' id='word_1_259' title='bbox 330 3767 362 3822; x_wconf 89' lang='grc' dir='ltr'>Ι.</span> <span class='ocrx_word' id='word_1_260' title='bbox 405 3746 529 3810; x_wconf 91' lang='lat' dir='ltr'>operae</span> <span class='ocrx_word' id='word_1_261' title='bbox 546 3728 588 3790; x_wconf 91' lang='lat' dir='ltr'>ad</span> <span class='ocrx_word' id='word_1_262' title='bbox 605 3727 732 3805; x_wconf 88' lang='lat' dir='ltr'>salutis,</span> <span class='ocrx_word' id='word_1_263' title='bbox 748 3747 849 3809; x_wconf 90' lang='lat' dir='ltr'>quarn</span> <span class='ocrx_word' id='word_1_264' title='bbox 866 3728 939 3810; x_wconf 90' lang='lat' dir='ltr'>ipse</span> <span class='ocrx_word' id='word_1_265' title='bbox 955 3725 1094 3808; x_wconf 89' lang='lat' dir='ltr'>peperit,</span> <span class='ocrx_word' id='word_1_266' title='bbox 1114 3722 1316 3787; x_wconf 91' lang='lat' dir='ltr'>obtinendos</span> <span class='ocrx_word' id='word_1_267' title='bbox 1333 3720 1520 3802; x_wconf 90' lang='lat' dir='ltr'>adipiscen-</span> 
     </span>
    </p>
   </div>
   <div class='ocr_carea' id='block_1_9' title="bbox 406 3805 1663 3914">
    <p class='ocr_par' dir='ltr' id='par_1_14' title="bbox 406 3805 1663 3914">
     <span class='ocr_line' id='line_1_34' title="bbox 406 3805 1663 3914; baseline -0.001 -20"><span class='ocrx_word' id='word_1_268' title='bbox 406 3831 536 3914; x_wconf 89' lang='lat' dir='ltr'>dosque</span> <span class='ocrx_word' id='word_1_269' title='bbox 552 3829 688 3895; x_wconf 81' lang='lat' dir='ltr'>fructus.</span> <span class='ocrx_word' id='word_1_270' title='bbox 1662 3805 1663 3893; x_wconf 83' lang='lat' dir='ltr'>l</span> 
     </span>
    </p>
   </div>
   <div class='ocr_carea' id='block_1_10' title="bbox 224 3924 1527 4054">
    <p class='ocr_par' dir='ltr' id='par_1_15' title="bbox 224 3924 1527 4054">
     <span class='ocr_line' id='line_1_35' title="bbox 224 3924 1527 4054; baseline -0.008 -57"><span class='ocrx_word' id='word_1_271' title='bbox 224 3937 381 4054; x_wconf 50' lang='lat' dir='ltr'>fifggm</span> <span class='ocrx_word' id='word_1_272' title='bbox 453 3933 604 3999; x_wconf 88' lang='lat' dir='ltr'>Huiusce</span> <span class='ocrx_word' id='word_1_273' title='bbox 620 3943 732 4016; x_wconf 89' lang='lat' dir='ltr'>partes</span> <span class='ocrx_word' id='word_1_274' title='bbox 744 3932 843 3996; x_wconf 85' lang='lat' dir='ltr'>officii</span> <span class='ocrx_word' id='word_1_275' title='bbox 860 3931 989 4015; x_wconf 89' lang='lat' dir='ltr'>primae</span> <span class='ocrx_word' id='word_1_276' title='bbox 1011 3938 1099 4005; x_wconf 91' lang='lat' dir='ltr'>sunt,</span> <span class='ocrx_word' id='word_1_277' title='bbox 1121 3926 1321 3991; x_wconf 90' lang='lat' dir='ltr'>catholicam</span> <span class='ocrx_word' id='word_1_278' title='bbox 1337 3924 1527 3989; x_wconf 89' lang='lat' dir='ltr'>doctrinam</span> 
     </span>
    </p>
   </div>
   <div class='ocr_carea' id='block_1_11' title="bbox 224 4029 1662 4223">
    <p class='ocr_par' dir='ltr' id='par_1_16' title="bbox 224 4029 1662 4223">
     <span class='ocr_line' id='line_1_36' title="bbox 224 4029 1662 4121; baseline -0.008 -19"><span class='ocrx_word' id='word_1_279' title='bbox 224 4059 363 4116; x_wconf 71' lang='lat' dir='ltr'>propagent.</span> <span class='ocrx_word' id='word_1_280' title='bbox 408 4037 557 4121; x_wconf 85' lang='lat' dir='ltr'>profiteri</span> <span class='ocrx_word' id='word_1_281' title='bbox 570 4049 685 4119; x_wconf 90' lang='lat' dir='ltr'>aperte</span> <span class='ocrx_word' id='word_1_282' title='bbox 696 4048 730 4101; x_wconf 91' lang='lat' dir='ltr'>et</span> <span class='ocrx_word' id='word_1_283' title='bbox 742 4045 945 4108; x_wconf 88' lang='lat' dir='ltr'>constanter,</span> <span class='ocrx_word' id='word_1_284' title='bbox 956 4051 1106 4115; x_wconf 89' lang='lat' dir='ltr'>eamque,</span> <span class='ocrx_word' id='word_1_285' title='bbox 1117 4030 1230 4113; x_wconf 91' lang='lat' dir='ltr'>quoad</span> <span class='ocrx_word' id='word_1_286' title='bbox 1243 4029 1385 4112; x_wconf 90' lang='lat' dir='ltr'>quisque</span> <span class='ocrx_word' id='word_1_287' title='bbox 1404 4036 1529 4108; x_wconf 88' lang='lat' dir='ltr'>potest,</span> <span class='ocrx_word' id='word_1_288' title='bbox 1661 4101 1662 4118; x_wconf 12' lang='grc' dir='ltr'>χ</span> 
     </span>
     <span class='ocr_line' id='line_1_37' title="bbox 408 4125 1662 4223; baseline -0.01 -19"><span class='ocrx_word' id='word_1_289' title='bbox 408 4159 604 4223; x_wconf 87' lang='lat' dir='ltr'>propagare.</span> <span class='ocrx_word' id='word_1_290' title='bbox 632 4139 732 4215; x_wconf 90' lang='lat' dir='ltr'>Nam,</span> <span class='ocrx_word' id='word_1_291' title='bbox 757 4138 848 4221; x_wconf 91' lang='lat' dir='ltr'>quod</span> <span class='ocrx_word' id='word_1_292' title='bbox 876 4137 1010 4220; x_wconf 87' lang='lat' dir='ltr'>saepius</span> <span class='ocrx_word' id='word_1_293' title='bbox 1041 4145 1091 4200; x_wconf 90' lang='lat' dir='ltr'>est</span> <span class='ocrx_word' id='word_1_294' title='bbox 1121 4133 1357 4215; x_wconf 89' lang='lat' dir='ltr'>verissimeque</span> <span class='ocrx_word' id='word_1_295' title='bbox 1387 4131 1528 4209; x_wconf 87' lang='lat' dir='ltr'>dictum,</span> <span class='ocrx_word' id='word_1_296' title='bbox 1661 4125 1662 4192; x_wconf 80' lang='lat' dir='ltr'>l</span> 
     </span>
    </p>
   </div>
   <div class='ocr_carea' id='block_1_12' title="bbox 405 4229 1662 4323">
    <p class='ocr_par' dir='ltr' id='par_1_17' title="bbox 405 4229 1662 4323">
     <span class='ocr_line' id='line_1_38' title="bbox 405 4229 1662 4323; baseline -0.009 -17"><span class='ocrx_word' id='word_1_297' title='bbox 405 4243 607 4306; x_wconf 84' lang='lat' dir='ltr'>christianae</span> <span class='ocrx_word' id='word_1_298' title='bbox 634 4241 770 4323; x_wconf 89' lang='lat' dir='ltr'>quidem</span> <span class='ocrx_word' id='word_1_299' title='bbox 796 4239 982 4321; x_wconf 90' lang='lat' dir='ltr'>sapientiae</span> <span class='ocrx_word' id='word_1_300' title='bbox 1008 4236 1089 4300; x_wconf 89' lang='lat' dir='ltr'>nihil</span> <span class='ocrx_word' id='word_1_301' title='bbox 1106 4245 1175 4299; x_wconf 89' lang='lat' dir='ltr'>tam</span> <span class='ocrx_word' id='word_1_302' title='bbox 1201 4235 1307 4308; x_wconf 92' lang='lat' dir='ltr'>obest,</span> <span class='ocrx_word' id='word_1_303' title='bbox 1329 4252 1429 4316; x_wconf 90' lang='lat' dir='ltr'>quam</span> <span class='ocrx_word' id='word_1_304' title='bbox 1454 4253 1523 4297; x_wconf 91' lang='lat' dir='ltr'>non</span> <span class='ocrx_word' id='word_1_305' title='bbox 1661 4229 1662 4262; x_wconf 62' lang='lat'>¹</span> 
     </span>
    </p>
   </div>
   <div class='ocr_carea' id='block_1_13' title="bbox 440 4374 1273 4434">
    <p class='ocr_par' dir='ltr' id='par_1_18' title="bbox 440 4374 1273 4434">
     <span class='ocr_line' id='line_1_39' title="bbox 440 4374 1273 4434; baseline -0.011 -9"><span class='ocrx_word' id='word_1_306' title='bbox 440 4393 463 4426; x_wconf 91' lang='lat' dir='ltr'>r.</span> <span class='ocrx_word' id='word_1_307' title='bbox 475 4381 500 4426; x_wconf 86' lang='lat' dir='ltr'>S.</span> <span class='ocrx_word' id='word_1_308' title='bbox 513 4381 613 4432; x_wconf 86' lang='lat' dir='ltr'>Thom,</span> <span class='ocrx_word' id='word_1_309' title='bbox 627 4379 790 4434; x_wconf 81' lang='lat' dir='ltr'>11·IlQuaest.</span> <span class='ocrx_word' id='word_1_310' title='bbox 805 4388 844 4430; x_wconf 82' lang='grc' dir='ltr'>ιιι,</span> <span class='ocrx_word' id='word_1_311' title='bbox 857 4385 901 4424; x_wconf 80' lang='lat' dir='ltr'>art</span> <span class='ocrx_word' id='word_1_312' title='bbox 917 4387 945 4428; x_wconf 85' lang='lat' dir='ltr'>tt,</span> <span class='ocrx_word' id='word_1_313' title='bbox 955 4376 988 4421; x_wconf 84' lang='lat' dir='ltr'>ad</span> <span class='ocrx_word' id='word_1_314' title='bbox 998 4388 1020 4422; x_wconf 82' lang='lat'>2.</span> <span class='ocrx_word' id='word_1_315' title='bbox 1033 4399 1063 4408; x_wconf 89' lang='lat'>-</span> <span class='ocrx_word' id='word_1_316' title='bbox 1073 4389 1094 4420; x_wconf 89' lang='lat'>2.</span> <span class='ocrx_word' id='word_1_317' title='bbox 1109 4374 1155 4425; x_wconf 86' lang='lat' dir='ltr'>lo..</span> <span class='ocrx_word' id='word_1_318' title='bbox 1169 4382 1223 4424; x_wconf 86' lang='lat' dir='ltr'>xvr,</span> <span class='ocrx_word' id='word_1_319' title='bbox 1237 4385 1273 4430; x_wconf 86' lang='lat'>33.</span> 
     </span>
    </p>
   </div>
   <div class='ocr_carea' id='block_1_14' title="bbox 0 0 1691 4928">
    <p class='ocr_par' dir='ltr' id='par_1_19' title="bbox 0 0 1691 4928">
     <span class='ocr_line' id='line_1_40' title="bbox 0 0 1691 4928; baseline 0 0"><span class='ocrx_word' id='word_1_320' title='bbox 0 0 1691 4928; x_wconf 95' lang='lat' dir='ltr'> </span> 
     </span>
    </p>
   </div>
  </div>
 </body>
</html>
