3364 4928
788 462 1108 546 EPISTOLA

475 775 1411 862 uesauauuomscoumunuusruu10.

273 1065 304 1100 ²⁰
583 1045 655 1114 UM
673 1046 748 1109 huic
765 1055 955 1128 opportuna
980 1044 1133 1127 tempori,
1149 1053 1221 1110 tum
1249 1044 1358 1110 Nobis
1377 1047 1498 1130 gratis-

240 1113 343 1223 wc.
422 1043 578 1352 Ἐξ
602 1149 687 1213 sirna
703 1150 818 1213 extitit
832 1148 976 1231 epistola
991 1149 1035 1212 ad
1051 1148 1175 1212 clerum
1199 1159 1233 1213 et
1254 1149 1415 1233 populum
1432 1151 1495 1215 tibi

253 1273 368 1330 ponens
602 1253 746 1318 creditos
756 1272 776 1315 a
786 1261 820 1316 te
830 1253 962 1329 data,ac
974 1251 1201 1334 perdilectum
1216 1251 1319 1318 lilium
1333 1252 1495 1320 Nostrum

211 1333 368 1450 mm,
604 1355 819 1422 Cardinalem
840 1376 860 1418 a
875 1353 1016 1437 publicis
1032 1355 1176 1439 negotiis
1199 1356 1434 1420 administrum
1451 1357 1495 1422 ad

213 1451 367 1569 mma,
392 1463 465 1527 Nos
482 1461 685 1538 transmissa,
701 1480 767 1544 qua
793 1459 934 1542 vestigia
961 1479 1104 1542 sequens
1120 1461 1333 1542 praesignata
1350 1482 1370 1524 a
1387 1460 1496 1526 Nobis

213 1568 328 1674 grupen
341 1628 352 1674 ι
391 1569 424 1632 in
451 1567 569 1631 litteris
599 1563 786 1648 encyclicis,
810 1564 1025 1647 maximeque
1055 1564 1088 1627 in
1120 1563 1159 1627 iis
1189 1583 1330 1648 quarum
1361 1565 1494 1631 initium

212 1639 366 1757 affinia
395 1687 412 1742 t
430 1671 618 1756 Sapientiae
632 1670 832 1734 christianae
847 1685 865 1740 n
882 1669 1035 1734 hortatus
1060 1689 1095 1734 es
1120 1669 1302 1734 catholicos
1322 1671 1496 1756 Hispanos

213 1747 365 1851 mx,
392 1786 438 1852 ut,
453 1775 570 1859 positis
594 1773 751 1852 dissidiis,
766 1774 887 1858 quibus
914 1773 947 1837 in
973 1775 1141 1838 contraria
1167 1774 1373 1852 scinduntur,
1390 1794 1494 1839 unum

208 1877 349 1970 {2352ssle
391 1880 523 1962 sapiant
549 1898 667 1942 omnes
690 1897 730 1942 ac
755 1879 910 1942 sentiant.
937 1877 1096 1961 Namque
1122 1877 1203 1942 illud
1228 1897 1309 1943 sane
1337 1879 1495 1944 miserum

390 1985 480 2068 quod
507 1983 635 2066 aliquot
661 1981 784 2046 abhinc
810 2001 917 2046 annos
944 1981 1132 2065 complures
1159 2001 1204 2044 ex
1231 1980 1280 2058 iis,
1306 1983 1438 2066 decepti
1456 2003 1495 2047 ac

389 2087 539 2152 distracti
567 2085 686 2150 studiis
712 2085 859 2150 civilium
888 2084 1033 2169 partium
1058 2084 1282 2169 humanisque
1297 2085 1496 2163 commodis,

389 2192 538 2273 ceperint
564 2190 704 2255 invicem
731 2203 921 2254 concertare
948 2190 1050 2253 ductu
1079 2197 1112 2251 et
1135 2189 1274 2272 imperio
1297 2190 1493 2273 pauciorum

389 2295 621 2384 quorumdam,
636 2295 693 2380 qui
710 2294 835 2357 eximia
862 2294 957 2358 istius
976 2293 1099 2376 'populi
1127 2292 1287 2376 religione
1301 2293 1496 2372 abutuntur,

389 2409 427 2464 ut
442 2399 651 2464 adversarios
666 2397 857 2480 deprimant
872 2398 1071 2482 quibuscum
1087 2397 1130 2461 de
1157 2417 1191 2461 re
1216 2397 1350 2479 publica
1366 2397 1496 2463 dissen-

389 2503 486 2580 tiunt,
501 2503 648 2585 privatas
674 2500 835 2583 expleant
861 2500 1072 2582 cupiditates,
1095 2509 1128 2564 et
1153 2519 1239 2584 quae
1265 2500 1329 2564 Dei
1354 2510 1432 2566 sunt
1458 2501 1493 2564 in

212 2585 364 2690 ,wffff‘ssgf
388 2628 457 2672 rem
474 2625 570 2670 suam
585 2614 724 2670 vertant.
741 2604 878 2688 -Quo
903 2603 1018 2686 spiritu
1047 2603 1080 2668 hi
1106 2604 1208 2669 duces
1231 2613 1375 2686 agantur
1389 2624 1435 2668 ex
1451 2625 1493 2670 eo

211 2703 364 2808 mama·
388 2709 465 2775 licet
480 2730 627 2792 arguere,
636 2709 726 2793 quod
744 2709 806 2773 sibi
819 2709 961 2772 docendi
976 2725 1098 2772 munus
1110 2717 1267 2790 arrogent
1278 2708 1312 2771 in
1331 2708 1493 2787 Ecclesia,

209 2822 355 2881 gravissime
389 2824 425 2878 ut
441 2815 483 2878 de
499 2814 637 2878 fratrum
654 2813 719 2876 fide'
743 2832 892 2895 sanaque
916 2813 1068 2876 doctrina
1091 2811 1249 2876 iudicium
1267 2810 1384 2890 ferant,
1400 2815 1492 2896 quod

213 2885 320 2927 ''m''
388 2919 421 2982 in
449 2917 546 2982 rebus
571 2917 718 3000 agendis,
746 2936 831 2998 quae
858 2917 900 2980 ad
927 2915 1121 2998 religionem
1145 2915 1322 2999 pertinent,
1339 2927 1440 3000 atque
1456 2916 1492 2980 in

387 3021 467 3104 ipsis
483 3020 584 3085 sacris
599 3020 738 3084 aedibus
763 3039 838 3083 cum
865 3019 905 3082 iis
931 3039 951 3082 a
977 3019 1099 3102 quibus
1115 3018 1279 3083 dissident
1295 3019 1413 3082 sociari
1430 3039 1493 3083 no·

387 3124 448 3189 lint
465 3123 578 3207 ;quod
594 3133 667 3187 s'ese
691 3122 833 3187 invicem
860 3143 925 3205 ope
950 3122 1203 3204 ephemeridum
1230 3120 1434 3206 quotidianis
1451 3143 1492 3188 ac

386 3225 526 3308 publius
542 3228 710 3291 incessant
725 3225 883 3290 conviciis
899 3246 907 3305 ;
934 3225 1024 3309 quod
1052 3227 1084 3290 in
1102 3245 1197 3289 suam
1214 3225 1416 3291 sententiam
1432 3227 1493 3290 de·

385 3339 565 3413 torqueant
579 3330 783 3396 documenta
809 3329 1029 3413 apertissima,
1045 3328 1167 3412 quibus
1182 3343 1243 3394 sua
1263 3329 1386 3411 agendi
1403 3331 1490 3394 ratio

385 3455 405 3498 a
421 3442 588 3517 potestate
603 3434 827 3499 ecclesiastica
853 3432 1062 3517 improbatur
1076 3455 1086 3512 ;
1100 3436 1191 3518 quod
1207 3433 1353 3516 graviter
1370 3435 1490 3498 moniti

384 3537 532 3600 cunctari
547 3534 677 3618 callide,
693 3557 731 3602 ac
747 3539 955 3620 tergiversari
973 3558 1038 3602 non
1052 3537 1207 3602 desinant
1221 3559 1229 3617 ;
1244 3537 1381 3602 demum
1397 3536 1490 3620 quod

384 3640 559 3724 suspiciosi
575 3659 614 3704 ac
630 3641 862 3724 circumspecti
879 3660 959 3723 erga
975 3641 1130 3705 Pastores
1145 3661 1233 3720 suos,
1243 3660 1359 3705 eorum
1375 3651 1492 3705 aucto·

384 3743 517 3808 ritatem
533 3753 568 3808 et
583 3743 848 3808 moderationem
873 3743 990 3826 (verbo
1008 3741 1086 3809 licet
1112 3743 1350 3828 obsequentes)
1369 3763 1488 3826 reapse

204 3842 290 3961 3,ssssss
301 3843 360 3948 ἐξά
383 3859 496 3914 tamen
513 3849 710 3933 despiciant.
724 3851 884 3913 —Plane
899 3870 945 3914 ex
960 3850 1052 3914 hisce
1063 3850 1192 3914 indiciis
1203 3851 1409 3934 perspicitur,
1421 3871 1491 3916 non

206 3961 359 4064 affuel
384 3954 532 4020 veritatis
547 3973 586 4018 ac
603 3953 772 4038 religionis
789 3953 889 4036 (quae
904 3953 1114 4036 obtenditur)
1130 3955 1188 4018 sed
1205 3953 1340 4019 alterius
1357 3955 1403 4020 rei
1419 3963 1491 4021 stu·

205 4019 358 4132 ientgmii-
383 4059 475 4123 dium
492 4057 604 4123 lovere
630 4057 713 4122 haec
740 4057 879 4121 dissidia
904 4067 938 4122 et
962 4057 1150 4121 simultates
1165 4057 1348 4123 christiana
1362 4059 1491 4142 proles·

205 4151 273 4251 52⁰2,
301 4139 358 4244 ,⁰2⁴2
383 4163 475 4228 sione
500 4182 635 4245 prorsus
661 4161 826 4245 indignas.
843 4161 880 4226 Si
909 4162 1023 4245 itaque
1049 4160 1228 4226 obfirmato
1245 4163 1359 4228 animo
1375 4165 1408 4227 in
1425 4185 1488 4230 sua

204 4269 318 4303 cecorum
382 4277 532 4350 perstant
547 4267 714 4330 sententia
731 4275 808 4350 post
824 4267 978 4349 ingentes
990 4286 1085 4330 curas
1101 4265 1254 4330 frustrata
1270 4265 1378 4332 Nobis
1394 4277 1428 4331 et
1443 4269 1489 4332 ab

205 4315 281 4363 dm
382 4369 558 4455 Episcopis
574 4370 758 4452 impensas..
769 4381 806 4433 ul
822 4390 879 4434 00⁵
896 4391 916 4434 ὃ
931 4369 1031 4453 Pleno
1044 4369 1199 4452 periculis
1215 4370 1349 4443 “amite
1365 4390 1485 4435 ³⁹⁰⁰&
