3352 4926
581 524 630 584 ad
652 525 834 583 Ioannem
857 519 1064 593 Baptistam
1088 513 1308 589 Paganuzzl,

538 815 743 891 praepositi
765 811 871 887 operi
894 812 1153 868 conventuum
1177 804 1351 864 virorum

706 963 979 1023 catholicorum
1001 957 1041 1016 in
1065 954 1184 1015 Italia.

556 1563 773 1630 1³·1R1FICE
797 1561 869 1625 Nos
884 1555 1066 1624 delectavit
1093 1551 1259 1634 perlatum
1293 1546 1401 1612 Nobis
1416 1566 1504 1610 nun-

287 1598 302 1644 9
403 1608 408 1610 ,

227 1639 360 1748 wlff
397 1664 414 1751 j
608 1671 697 1735 cium
713 1670 756 1733 de
772 1684 861 1730 novo
877 1669 1045 1727 conventu
1070 1654 1310 1722 catholicorum
1338 1671 1383 1715 ex
1401 1649 1505 1716 Italia

255 1800 370 1861 Pontifex
405 1756 414 1840 ἶ·
607 1777 752 1840 virorum
778 1768 973 1855 propediem
1005 1761 1183 1829 Vicentiae
1201 1755 1340 1840 ‘agendo
1371 1756 1508 1837 inquo,

213 1862 326 1980 ,mse
342 1862 370 1906 ‘³‘
558 1896 573 1927 ‘²⁴
608 1878 747 1963 perinde
763 1883 863 1957 atque
879 1872 912 1936 in
931 1869 1005 1934 aliis
1020 1862 1232 1950 praegressis,
1242 1861 1285 1924 de
1295 1858 1509 1942 quaestioni-

217 1979 338 2086 'mla
394 1981 458 2048 bus
469 1992 587 2066 agetur
602 1982 767 2064 rebusque
782 1975 1083 2060 gravissimis,quae
1100 1975 1238 2032 naturae
1253 1963 1389 2027 huiusce
1404 1963 1507 2026 insti·

218 2098 343 2144 catholico·
395 2087 460 2153 tuti
475 2096 510 2152 et
525 2095 714 2168 temporum
731 2080 852 2146 rationi
876 2077 1087 2143 conveniunt
1112 2071 1273 2136 Libenter
1288 2064 1443 2147 equidem
1467 2065 1507 2128 id

220 2172 300 2262 ssnnssu.
317 2171 370 2202 Μ’
394 2199 569 2274 acceptum
586 2188 757 2254 referimus
772 2185 887 2250 studio
903 2179 1078 2265 potissime
1093 2183 1129 2240 ct
1139 2169 1310 2238 sedulitati
1322 2167 1509 2232 comitatus

395 2293 559 2378 generalis
569 2293 720 2358 coetibus
735 2290 826 2354 hisce
841 2284 1003 2369 cogendis
1019 2278 1167 2356 addicto,
1190 2275 1244 2340 cui
1261 2271 1389 2337 naviter
1404 2270 1508 2354 impi-

395 2416 520 2482 greque
531 2395 717 2481 praesides;
743 2402 845 2475 atque
865 2390 930 2456 hoc
946 2383 1111 2468 imprimis
1126 2377 1217 2444 laudi
1229 2373 1326 2441 vobis
1341 2372 1509 2437 vertimus

394 2501 487 2583 quod
502 2500 702 2566 adnitamini
718 2507 756 2562 ut
767 2494 958 2579 quotannis,
971 2491 1014 2556 ad
1037 2483 1233 2567 exemplum
1258 2479 1397 2544 aliarum
1419 2495 1506 2558 gen-

397 2600 491 2681 tium,
500 2602 665 2668 eiusmodi
674 2607 858 2667 conventus
874 2597 1070 2668 habeantur,
1081 2588 1140 2673 qui
1155 2602 1258 2669 quum
1269 2579 1454 2645 ostendunt
1468 2587 1506 2642 et

397 2716 522 2788 augent
538 2705 674 2772 vitalem
683 2705 750 2768 vim
764 2701 841 2769 fidei
851 2721 938 2786 quae
948 2689 1236 2781 congredientium
1249 2684 1380 2748 animos
1395 2680 1506 2763 erigit,

398 2819 470 2875 turn
485 2810 667 2896 plurimum
680 2827 817 2873 caussae
839 2805 1015 2871 conferunt
1040 2791 1209 2880 religionis
1236 2794 1271 2851 et
1300 2785 1437 2868 patriae.
1457 2819 1508 2830 -

253 2924 375 2992 ''1¹4⁸“
399 2913 513 2997 Quare
528 2933 731 2999 magnopere
757 2910 918 2995 expedire
948 2919 1123 2972 censemus
1138 2904 1176 2960 ut
1201 2892 1324 2972 ubique
1339 2887 1506 2971 gentium,

218 2991 375 3090 mimili-
398 3019 592 3101 praesertim
608 3039 687 3104 vero
711 3018 744 3082 in
778 3014 885 3094 Italia,
907 3009 963 3078 nbi
987 3007 1150 3072 indictum
1176 2992 1348 3088 Ecclesiae
1375 2987 1504 3052 bellum

223 3107 308 3209 25:312?
320 3109 377 3208 {21}
399 3123 506 3188 acrius
526 3124 641 3201 saevit,
658 3120 813 3187 catholici
836 3116 897 3184 viri
930 3113 988 3197 qui
1013 3106 1133 3174 ceteris
1149 3104 1321 3185 praestant
1340 3090 1507 3166 doctrina,

222 3223 339 3268 ΜΨ·
398 3229 577 3309 prudentia
591 3239 625 3294 et
641 3228 754 3293 studio
770 3223 997 3308 religionis‚ex
1006 3234 1073 3300 qua
1086 3218 1218 3277 tantum
1228 3199 1365 3267 obvenit
1374 3196 1507 3280 patriae

399 3328 510 3409 decus,
525 3332 620 3414 quasi
636 3332 670 3395 in
685 3330 866 3395 fraternam
891 3317 1169 3388 communitatem
1184 3301 1353 3372 coniuncti
1365 3298 1509 3366 consilia

399 3441 432 3498 et
453 3435 537 3499 vires
552 3436 746 3500 consocient
761 3452 848 3496 suas.
864 3430 978 3514 Quam
996 3413 1281 3487 consociationem
1297 3425 1338 3470 eo
1354 3409 1510 3486 spectare

399 3547 532 3620 oportet
547 3547 664 3603 utnon
681 3535 783 3601 modo
798 3534 833 3598 hi
845 3532 921 3596 lecti
934 3528 996 3594 viri
1007 3518 1190 3590 solemnius
1205 3524 1239 3578 et
1252 3505 1462 3576 constantius
1472 3505 1509 3568 in

400 3659 502 3706 unum
518 3643 626 3707 coacti
642 3641 766 3706 tradita
782 3639 825 3704 ab
843 3633 997 3700 Ecclesia
1009 3628 1212 3695 documenta
1228 3611 1459 3700 praescierant
1472 3615 1512 3670 et

399 3745 498 3810 altius
514 3747 635 3812 animis
650 3743 810 3828 defigant,
825 3741 885 3804 sed
902 3738 1004 3803 etiam
1019 3730 1165 3798 efficiant
1187 3719 1318 3788 collatis
1333 3710 1453 3779 studiis
1469 3719 1512 3774 ut

399 3851 456 3918 illa
470 3852 607 3936 vulgata
632 3849 769 3934 passim,
801 3844 908 3910 indita
941 3837 1118 3911 mentibus,
1134 3849 1172 3894 ac
1189 3824 1322 3909 penitus
1338 3813 1512 3897 insculpta

400 3958 555 4024 cordibus
586 3953 749 4019 Italorum
765 3948 952 4021 hominum,
980 3957 1055 4005 eam
1087 3931 1220 4018 pariant
1234 3919 1511 3990 emendationem

401 4080 532 4128 morum
548 4076 725 4140 rerumque
741 4055 774 4120 in
802 4050 924 4117 melius
954 4039 1215 4110 conversionem,
1238 4047 1306 4114 qua
1332 4030 1515 4104 tantopere

400 4170 548 4233 humana
559 4161 702 4227 societas
720 4156 904 4239 indiget-
918 4146 1102 4213 Enimvero
1116 4138 1158 4204 ad
1172 4137 1255 4200 haec
1271 4131 1361 4195 bona
1373 4143 1513 4206 compa-

402 4270 507 4336 randa
522 4266 695 4332 intendere
707 4258 935 4342 comperimus
950 4255 1153 4316 conventum
1170 4255 1276 4321 nuper
1291 4251 1350 4316 per
1375 4248 1437 4294 vos
1461 4230 1516 4292 in·
