3352 4926
547 331 669 382 mnsx
694 329 944 383 nnnnrrtcus
1203 309 1273 401 283

1221 479 1274 532 Peg.

270 558 432 628 Scriptores
445 569 461 614 ‹
476 556 587 612 civilia
597 557 730 611 cattolica
743 567 759 614 i>
772 573 789 611 a
804 556 855 610 Pio
871 555 913 610 lX
925 554 954 610 in
972 555 1124 625 collegium
1137 571 1205 612 con·

232 639 347 694 stitutos
362 637 492 692 Pontifex
515 636 614 692 recolit
635 637 678 706 63.
693 665 728 676 -
749 637 870 690 Fructus
891 634 959 690 inde
972 646 1121 706 perceptos
1141 653 1204 706 pro·

231 716 464 785 bans,confirrnat
479 715 557 770 idem
569 715 858 786 collegium,illudque
868 713 1035 769 immediate
1045 715 1202 786 Praeposito

231 797 260 852 S.
273 797 298 866 J.
312 797 431 851 subesse
443 796 502 850 uult
515 796 558 864 63.
573 824 608 834 -
620 795 775 850 Rationem
796 793 956 848 studiorum
970 792 1023 863 ipsi
1034 794 1202 863 praescribit,

230 873 369 944 imprimis
383 874 479 944 quoad
492 873 652 930 doctrinam
673 876 702 930 S.
717 875 846 942 Thomae,
866 873 927 943 jam
952 873 1088 944 praeclare
1101 874 1138 930 ab
1158 875 1203 930 his

231 953 417 1024 scriptoribus
430 952 600 1007 illustratam
612 952 656 1019 64.
671 981 707 992 --
721 953 841 1007 Fructus
860 969 971 1007 annuus
985 968 1020 1006 ex
1038 953 1093 1008 hoc
1105 953 1203 1008 labore

232 1045 383 1106 perceptus
404 1031 533 1102 Collegio
551 1042 579 1088 et
601 1032 757 1103 provinciis
782 1031 891 1088 Italicis
912 1033 940 1087 S.
962 1033 988 1102 J.
1011 1033 1204 1101 praescribitur

233 1113 423 1184 applicandus
437 1112 481 1178 64.

197 1233 242 1283 18.
261 1233 469 1283 EPISTOLA
481 1229 528 1282 nd
541 1229 753 1280 cardinalem
765 1230 945 1290 Lanigerie.
961 1230 1010 1280 De
1027 1231 1123 1283 cuitu
1137 1230 1205 1282 hu-

158 1321 507 1372 maniorelifricae.-
538 1320 671 1372 iiiuiii
695 1317 777 1369 1890
1240 1319 1274 1380 65

268 1423 393 1476 Laetatur
406 1421 539 1477 Pontifex
550 1437 601 1491 per
612 1420 808 1475 missionarios
830 1421 1013 1492 Algerienses
1026 1421 1132 1477 Africa
1144 1422 1202 1478 cul-

230 1510 291 1554 tum
305 1500 435 1570 progredi
448 1501 529 1570 65.-
542 1499 652 1554 Laudat
666 1499 824 1569 intrepidos
836 1499 921 1568 viros,
931 1517 1043 1555 necnon
1056 1500 1201 1572 principes

233 1579 371 1634 barbaros
393 1578 463 1649 ipsis
485 1580 615 1634 faventes
635 1579 677 1647 65.
700 1606 737 1617 -
759 1579 872 1634 Laudat
885 1579 1077 1650 insuperacta
1091 1579 1120 1633 in
1134 1596 1200 1634 con·

230 1671 317 1711 ventu
338 1656 523 1720 Bruxellensi,
546 1657 627 1725 cujus
646 1657 784 1727 praeclara
804 1657 899 1712 studia
918 1657 972 1712 sibi
994 1657 1200 1728 specialissime

231 1735 309 1790 cordi
323 1754 386 1790 esse
399 1747 519 1791 testatur
531 1735 622 1804 65-66.
635 1765 671 1776 -·
684 1737 742 1791 Sed
755 1735 895 1807 imprimis
907 1747 937 1791 ut
956 1747 1093 1806 augeatur
1102 1753 1199 1792 nume-

231 1831 279 1868 rus
291 1831 455 1884 praeconum
469 1815 568 1870 salutis
580 1813 738 1884 optandum
751 1815 793 1869 66.
805 1843 840 1854 -
849 1817 941 1870 Verus
954 1815 1036 1870 miles
1049 1815 1200 1885 Evangelii
1271 1845 1279 1859 ι

229 1893 398 1949 describitur
410 1895 453 1950 66.
467 1924 502 1934 —
514 1895 611 1948 Zelum
627 1893 788 1950 Cardinalis
808 1893 939 1950 Pontifex
959 1895 1086 1950 stimulat
1104 1897 1148 1960 67.
1161 1923 1198 1934 —-
1237 1866 1270 1950 f

230 1973 341 2028 Undat
353 1986 498 2030 certamen
510 1973 680 2034 institutum,
694 1973 724 2028 in
736 1990 794 2044 quo
810 1973 910 2044 optimi
932 1984 1032 2030 auctor
1050 1974 1145 2044 operis
1158 1974 1195 2029 de
1227 1973 1237 1999 ¹

231 2053 363 2107 servitute
385 2054 496 2124 agentis
515 2051 634 2122 praemio
654 2053 776 2108 donetur
793 2054 835 2120 67.
849 2081 885 2092 -·
907 2052 1003 2108 Prima
1015 2063 1111 2108 tamen
1135 2053 1197 2124 ipse

231 2131 360 2186 Pontifici
375 2135 404 2187 in
417 2133 524 2188 caelesti
536 2147 601 2202 ope,
614 2131 693 2202 cujus
707 2132 862 2201 auspicem,
872 2149 955 2187 suam
967 2131 1198 2189 benedictionem

232 2208 357 2280 impertit
370 2212 414 2278 67.

197 2307 242 2359 19.
259 2310 466 2361 EPISTOLA
487 2311 532 2361 ad
554 2310 847 2372 arehiepiscopum
867 2311 1099 2370 Rhodiensem,
1115 2311 1198 2373 Epi-

152 2408 295 2460 soopum
306 2398 593 2459 Melitensem,qun
601 2397 794 2449 vindicatur
805 2399 978 2448 conventio
987 2410 1065 2448 oum
1076 2399 1196 2462 Augila

152 2473 556 2536 inita—iiiuiiil‘sseo
1231 2481 1266 2536 68

265 2584 476 2639 Contumeliam
491 2585 601 2638 Pastori
615 2585 721 2639 factam
741 2599 805 2639 esse
817 2583 944 2655 queritur
957 2584 1095 2652 Pontifex,
1109 2595 1195 2655 atque

228 2663 397 2718 documenta
410 2680 468 2718 non
481 2664 631 2734 vulganda,
644 2663 673 2718 in
695 2663 841 2733 publicum
860 2661 946 2724 edita.
962 2663 1113 2733 populares
1135 2663 1194 2718 ani·

227 2759 289 2797 mos
301 2744 432 2797 turbasse
444 2742 488 2798 68.
500 2771 536 2782 -
549 2743 710 2798 Melitensis
732 2741 829 2813 populi
851 2741 949 2797 laudat
968 2741 1102 2810 indolem,
1116 2742 1193 2812 inge·

227 2823 314 2889 nium,
342 2822 468 2878 recentia
492 2832 560 2877 vota
580 2822 623 2876 68.
642 2851 678 2862 -
701 2823 745 2875 Eo
771 2821 863 2890 magis
889 2820 1062 2876 damnandae
1086 2821 1193 2877 inimici

227 2901 352 2956 hominis
378 2901 490 2956 insidiae
515 2900 558 2970 69.
572 2931 607 2940 -
633 2899 755 2956 Romani
781 2899 944 2966 Pontifices,
968 2909 1042 2955 teste
1064 2901 1192 2970 historia,

225 2979 333 3034 boum
342 2981 511 3051 populorum
520 2995 633 3049 semper
642 2989 838 3049 procurarunt,
853 2978 1012 3047 praesertim
1022 2979 1194 3051 religiosum,

227 3059 281 3113 sibi
294 3060 480 3114 commissum
492 3059 534 3126 69.
551 3087 584 3098 -
598 3059 824 3114 Conventionem
838 3073 928 3127 nuper
947 3073 1013 3111 curn
1027 3057 1193 3114 Britannice

226 3139 364 3207 gubernio
388 3137 490 3193 initam
514 3137 552 3191 ad
576 3154 678 3192 sanum
699 3136 838 3206 judicium
863 3146 976 3192 revocat
999 3137 1041 3204 69.
1056 3166 1092 3176 -
1117 3137 1192 3195 Cleri

228 3217 436 3278 institutionem
448 3217 485 3272 ad
498 3227 624 3271 mentem
638 3217 666 3271 S.
682 3215 766 3270 Sedis
780 3215 898 3270 Praesuli
911 3216 1094 3270 commendat
1108 3229 1194 3282 70.-

231 3295 306 3352 Cleri
321 3296 431 3364 similis,
444 3296 565 3365 populus
577 3295 761 3349 concordiam
775 3293 883 3363 diligat,
896 3304 1018 3348 matrem
1033 3294 1194 3349 Ecclesiam

228 3377 303 3431 colat
317 3385 403 3446 atque
416 3374 551 3430 defendat
564 3388 607 3441 70.

189 3493 243 3546 20.
266 3493 475 3543 EPISTOLA
500 3493 543 3543 ad
568 3493 771 3554 Episcopum
793 3491 1004 3541 Leodiensem
1031 3491 1072 3541 de
1096 3495 1193 3543 tertio

147 3577 1047 3640 Leodiibabendosooialiconventu.-7Aug.1890..
1230 3589 1260 3640 71

260 3680 391 3734 Pontifex
413 3680 479 3735 laete
502 3681 613 3750 accepit
637 3679 768 3734 nuntium
800 3679 867 3732 novi
892 3688 1050 3733 conventus
1075 3679 1191 3735 socialis

225 3758 322 3814 Leodii
335 3775 402 3812 mox
414 3756 538 3813 habendi
553 3771 632 3822 71.-
642 3757 754 3814 Gaudet
767 3755 955 3828 quaestionem
966 3756 1002 3810 de
1014 3773 1098 3827 aequa
1111 3759 1189 3812 labo·

223 3857 286 3894 rem
298 3839 432 3894 mercede
449 3838 654 3909 specialissime
667 3838 774 3892 ibidem
794 3837 831 3891 ad
853 3847 978 3892 mentem
993 3836 1075 3890 Sedis
1089 3839 1189 3906 Apost.

223 3934 286 3974 esse
299 3917 510 3972 retractandam
523 3931 603 3983 71.·
614 3917 708 3986 Opem
723 3916 777 3970 Dei
791 3915 985 3985 congressuris
998 3924 1078 3984 optat
1092 3915 1190 3985 eisque

226 3998 366 4053 uenedicit
380 4011 424 4063 71.

186 4097 235 4150 21.
252 4091 461 4148 EPISTOLA
473 4097 517 4147 ad
531 4096 807 4146 Maximiiianum
821 4097 899 4144 zara
919 4095 1114 4157 praesidem,
1136 4105 1190 4144 so-

140 4187 307 4248 dalesque
319 4185 485 4236 societatis
499 4185 692 4235 Paullianae.
707 4207 743 4218 -
768 4183 886 4245 Silus.
903 4181 986 4232 1890
1016 4217 1188 4232 .........
1227 4189 1261 4246 73

255 4290 384 4346 Pontifex
391 4287 697 4344 societatisPaullianae
705 4287 801 4342 laudat
811 4286 1188 4356 incrementumconsilium,

226 4369 341 4430 fructus,
357 4369 474 4439 ejusque
487 4367 614 4422 stimulat
626 4368 723 4421 zelum.
