3354 4938
395 301 475 354 ·2oo
552 299 739 351 emturum
758 297 915 351 uncum.
939 285 1106 350 “RERUM
1125 299 1314 351 Novarum
1330 334 1350 363 „

223 481 374 602 ffluffljlgt
399 477 452 540 tui
459 476 594 540 vesceris
595 487 684 558 pane
695 475 745 559 (1).
758 475 878 558 Itaque
889 475 972 538 duas
983 474 1074 540 velut
1091 483 1188 539 notas
1201 474 1303 539 habet
1316 474 1348 536 in
1366 472 1509 536 homine

224 599 315 670 mur..
336 600 372 669 at·
398 581 492 645 labor
503 588 622 645 natura
634 579 760 658 insitas,
771 579 927 642 nimirum
941 587 978 642 ut
988 577 1172 660 personalis
1186 579 1239 656 sit,
1249 578 1328 660 quia
1338 577 1387 640 vis
1398 595 1506 659 agens

222 665 374 764 31:2⁰5}ssssss
397 685 555 750 adhaeret
571 702 743 768 personae,
765 694 867 765 atque
889 683 960 746 eius
983 684 1122 748 omnino
1147 693 1198 748 est
1221 684 1366 767 propria,
1388 702 1408 746 a
1431 700 1506 765 quo

222 777 363 895 ffiff
396 798 578 866 exercetur,
594 798 627 853 et
653 789 747 852 cuius
762 797 813 852 est
828 787 964 852 utilitati
981 795 1075 852 nata:
1101 789 1224 853 deinde
1239 797 1278 852 ut
1302 789 1346 852 sit
1362 807 1505 850 necessa-

221 901 302 1000 me
318 911 371 942 cvn-
396 894 476 973 rius,
498 895 543 958 ob
565 893 652 958 hanc
674 912 838 969 caussam,
861 892 951 974 quod
976 891 1103 957 fructus
1126 892 1281 956 laborum
1297 902 1350 956 est
1371 891 1504 955 homini

220 991 298 1084 arran}
319 1027 371 1084 per-
394 1019 481 1082 opus
496 1000 538 1062 ad
551 999 654 1062 vitam
671 996 849 1062 tuendam:
863 996 967 1060 vitam
984 1006 1098 1061 autem
1116 997 1201 1062 tueri
1217 998 1291 1079 ipsa
1312 1015 1431 1072 rerum,
1446 995 1505 1059 cui

220 1075 360 1125 ⁵⁰⁰³¹¹³⁸¹¹⁵¹
396 1102 546 1168 maxime
561 1102 756 1184 parendum,
777 1111 896 1165 natura
911 1099 1012 1165 iubet.
1036 1101 1190 1165 Iamvero
1206 1101 1233 1164 si
1251 1121 1294 1164 ex
1311 1120 1352 1163 ea
1366 1101 1503 1164 dumta-

219 1232 370 1292 imaqum
396 1213 456 1269 xat
471 1213 566 1288 parte
575 1211 744 1286 spectetur
754 1202 845 1287 quod
860 1204 1045 1285 personalis
1056 1213 1116 1282 est,
1127 1223 1195 1268 non
1206 1214 1257 1268 est
1267 1203 1405 1268 dubium
1417 1204 1501 1285 quin

253 1293 257 1303 ¹
331 1299 370 1351 9⁰·
394 1310 562 1392 integrum
571 1306 682 1390 opifici
695 1307 738 1372 sit
750 1316 870 1390 pactae
883 1308 1045 1372 mercedis
1055 1308 1230 1391 angustius
1242 1306 1336 1372 finire
1347 1309 1503 1388 modurn;

218 1411 370 1516 jam&
392 1411 680 1496 quemadmodum
695 1411 785 1476 enim
798 1431 917 1493 operas
932 1413 992 1476 dat
1007 1411 1063 1476 ille
1078 1412 1261 1490 voluntate,
1270 1414 1317 1476 sic
1333 1424 1367 1477 et
1382 1431 1501 1494 opera·

217 1531 354 1582 comeum,-
393 1534 466 1578 rum
483 1517 635 1580 mercede
649 1514 702 1578 vel
718 1515 810 1578 tenui
820 1514 872 1579 vel
889 1515 990 1597 plane
1001 1515 1093 1580 nulla
1108 1525 1287 1581 contentus
1297 1535 1371 1579 esse
1382 1515 1502 1580 volun·

393 1627 464 1682 tate
479 1628 603 1701 potest.

265 1787 270 1797 ,
437 1721 505 1788 Sed
521 1721 621 1805 longe
635 1721 732 1786 aliter
747 1721 962 1786 iudicandum
979 1724 1095 1786 sicum
1112 1723 1242 1788 ratione
1250 1723 1503 1805 personalitates

217 1788 367 1896 gssffle
393 1825 478 1890 ratio
492 1825 706 1908 coniungitur
727 1825 941 1919 mussitatum
950 1827 1146 1908 cogitationi
1163 1829 1301 1910 quidem
1319 1847 1385 1890 non
1404 1849 1439 1891 re
1455 1829 1501 1892 ab

215 1909 368 2024 {mm
393 1927 450 1991 illa
465 1929 667 2012 separabilis.
691 1929 825 2012 Reapse
842 1949 978 1995 manere
993 1931 1026 1994 in
1048 1932 1127 2008 vita,
1152 1951 1330 1996 commune
1357 1933 1501 2014 singulis

218 2024 284 2069 ‘⁶0⁰⁷
328 2039 367 2070 ἰ·
391 2030 539 2098 officium
554 2043 614 2110 est,
630 2035 683 2098 cui
699 2033 807 2098 scelus
824 2044 875 2099 est
892 2034 1017 2100 deesse.
1045 2035 1135 2100 Hinc
1157 2037 1208 2100 ius
1225 2037 1498 2118 reperiendarum

214 2088 356 2190 mm
391 2155 510 2214 rerum,
526 2136 647 2219 quibus
662 2137 731 2202 vita
745 2146 959 2215 sustentatur,
976 2139 1162 2203 necessario
1178 2140 1339 2204 nascitur:
1355 2159 1498 2223 quarum

212 2208 272 2320 ff.
321 2217 366 2248 Μ’
391 2259 500 2305 rerum
523 2239 716 2305 facultatem
744 2240 860 2305 infimo
884 2243 1004 2325 cuique
1029 2262 1097 2307 non
1121 2243 1183 2306 nisi
1208 2244 1361 2327 quaesita
1383 2243 1500 2308 labore

391 2363 517 2408 merces
532 2343 733 2427 suppeditat.
750 2345 836 2408 Esto
851 2346 961 2428 igitur,
977 2355 1015 2409 ut
1030 2345 1147 2428 opifex
1163 2355 1264 2430 atque
1280 2347 1377 2411 herus
1391 2347 1499 2412 libere

390 2445 423 2509 in
440 2446 529 2510 idem
545 2447 716 2529 placitum,
738 2465 777 2511 ac
793 2449 992 2513 nominatim
1018 2450 1050 2512 in
1068 2450 1177 2514 salarii
1202 2451 1339 2514 modum
1354 2467 1497 2513 consen-

388 2550 491 2614 tiant:
505 2549 620 2613 subest
636 2559 748 2614 tamen
765 2570 896 2633 semper
913 2550 1039 2634 aliquid
1068 2571 1112 2616 ex
1129 2552 1257 2617 iustitia
1272 2552 1423 2629 naturali,
1443 2551 1498 2616 id·

390 2670 454 2734 que
469 2651 573 2716 libera
587 2651 828 2735 paciscentium
843 2653 1018 2718 voluntate
1036 2655 1143 2718 maius
1159 2663 1192 2720 et
1208 2653 1387 2736 antiquius,
1409 2653 1497 2717 scili-

389 2763 443 2818 cet
459 2754 580 2819 alendo
600 2753 721 2838 opifici,
744 2754 830 2838 frugi
848 2757 983 2839 quidem
1010 2768 1045 2822 et
1059 2758 1144 2822 bene
1162 2768 1303 2836 morato,
1327 2756 1417 2822 haud
1434 2757 1498 2820 im-

212 2821 365 2927 tfflism
389 2877 504 2941 parem
520 2878 592 2924 esse
604 2860 791 2924 mercedem
809 2869 971 2942 oportere.
1000 2859 1102 2944 Quod
1118 2862 1146 2925 si
1162 2863 1363 2935 necessitate
1379 2858 1497 2944 opifex

212 2945 364 3059 imm
389 2969 535 3039 coactus,
549 2973 608 3026 aut
624 2963 703 3027 mali
719 2963 841 3047 peioris
856 2974 947 3028 metu
965 2965 1314 3046 permotusduriorem
1331 2964 1495 3029 conditio·

213 3059 262 3165 ᾗῇ
287 3060 363 3107 wila·
390 3082 468 3128 nem
480 3066 631 3149 accipiat,
646 3086 740 3150 quae,
755 3067 887 3132 etiamsi
903 3069 996 3146 nolit,
1012 3067 1207 3150 accipienda
1222 3068 1274 3144 sit,
1290 3068 1381 3151 quod
1397 3089 1417 3132 a
1433 3068 1493 3132 do·

391 3175 483 3239 mino
497 3177 550 3240 vel
566 3197 586 3240 a
602 3179 812 3260 redemptore
822 3195 961 3258 operum
978 3172 1170 3254 imponitur,
1186 3172 1275 3236 istud
1291 3173 1428 3255 quidem
1446 3183 1498 3237 est

390 3273 500 3339 subire
514 3277 593 3355 vim,
607 3276 660 3342 cui
673 3278 803 3341 iustitia
821 3275 989 3340 reclamat.

230 3400 365 3447 Cavearta·
435 3378 677 3445 Verumtamen
691 3383 724 3444 in
741 3380 792 3444 his
803 3379 1033 3461 similibusque
1048 3379 1182 3454 caussis,
1193 3379 1310 3461 quales
1325 3378 1402 3442 illae
1417 3391 1497 3445 sunt

213 3468 364 3578 xpum}
390 3482 424 3546 in
440 3501 642 3566 unoquoque
667 3504 789 3567 genere
804 3482 934 3548 artificii
957 3493 1061 3566 quota
1084 3485 1127 3546 sit
1145 3483 1386 3548 elaborandum
1403 3482 1497 3560 hora,

214 3579 365 3686 mm:
390 3586 511 3668 quibus
527 3587 697 3668 praesidiis
720 3587 904 3652 valetudini
921 3587 1069 3650 maxime
1092 3587 1125 3650 in
1142 3587 1282 3652 officinis
1297 3587 1499 3664 cavendum,

213 3697 262 3744 tac
303 3697 364 3758 inse·
390 3708 433 3754 ne
457 3691 671 3773 magistratus
694 3689 814 3756 inferat
836 3711 909 3754 sese
933 3691 1166 3774 importunius,
1198 3690 1392 3774 praesertim
1417 3707 1494 3752 cum

213 3761 264 3810 '‘²²'‘
389 3792 547 3855 adiuncta
562 3799 632 3853 tam
648 3790 738 3854 varia
760 3791 829 3854 sint
843 3809 961 3868 rerum,
984 3800 1185 3872 temporum,
1207 3789 1365 3866 locorum,
1389 3789 1497 3852 satius

227 3918 364 3988 quasnam
389 3895 451 3960 erit
473 3915 529 3959 eas
545 3914 596 3958 res
619 3892 742 3957 iudicio
757 3913 923 3958 reservare
946 3893 1173 3976 collegiorum,
1199 3891 1386 3975 dequibus
1410 3890 1497 3955 infra

207 3979 317 4033 ''was‘'
388 3997 509 4062 dicturi
524 4017 648 4074 sumus,
670 4006 731 4061 aut
745 3997 844 4062 aliam
868 3998 951 4062 inire
966 3997 1064 4074 viam,
1079 4016 1146 4079 qua
1165 3997 1310 4061 rationes
1326 4014 1497 4059 mercena-

211 4037 269 4082 colle
290 4037 362 4083 'iscu-

210 4049 361 4214 affin-⁷²·
386 4099 518 4178 riorum,
534 4100 582 4164 uti
593 4119 653 4182 par
667 4108 728 4177 est,
743 4100 855 4164 salvae
866 4101 943 4176 sint,
952 4101 1143 4176 accedente,
1154 4099 1182 4164 si
1198 4119 1249 4163 res
1264 4097 1495 4182 postulaverit,

209 4218 258 4261 rur.
387 4204 493 4268 tutela
508 4205 740 4287 praesidioque
756 4204 967 4288 reipublicae.

417 4353 437 4386 1.
452 4339 520 4393 Gen..
533 4348 573 4394 111.
586 4351 621 4398 19.
