3354 4938
412 313 431 364 2
437 314 485 386 34
610 317 756 370 marea.
777 318 907 371 uaosr.
928 307 949 336 “
968 317 1086 372 ruuun
1106 319 1147 370 ur
1167 321 1295 372 Parrus
1315 355 1336 384 ,,

409 511 493 557 cana
529 493 656 559 ditione
687 493 944 560 ecclesiasticam
978 495 1210 560 Hierarchiam
1248 515 1320 575 sex,
1351 511 1388 562 ut
1421 495 1520 574 inira,

409 595 748 681 archiepiscopalibus
778 617 836 664 seu
867 599 1145 683 metropolitanis,
1171 620 1211 666 ac
1235 599 1356 684 viginti
1390 609 1425 666 et
1450 619 1520 666 una

235 729 322 762 novam
336 715 385 760 are
410 700 655 785 episcopalibus
673 703 817 781 sedibus,
839 723 900 768 nec
924 723 992 767 non
1011 703 1172 770 vicariatu
1196 703 1360 770 inferioris
1378 704 1522 771 Caliior·

235 775 366 822 '‘m''
411 805 485 868 niae
522 805 740 870 constitutam
779 804 850 871 iore
887 807 1108 873 decernimus.
1139 806 1358 891 Episcopales
1395 807 1523 872 idcireo

410 908 507 972 sedes
531 908 574 974 de
589 909 788 993 Antequera
803 911 877 994 (seu
894 908 1061 991 Oaxaca),
1081 930 1169 994 quae
1190 911 1401 990 Mexicanae,
1419 931 1459 976 ac
1476 912 1524 976 de

411 1013 550 1078 Linares
573 1025 606 1079 et
626 1015 670 1081 de
689 1016 863 1100 Durango,
886 1036 974 1100 quae
1001 1018 1044 1082 de
1071 1015 1313 1083 Guadalaxara
1335 1017 1524 1102 respective

407 1117 743 1201 metropolitanarum
774 1120 989 1186 ecclesiarum
1022 1120 1254 1206 suffraganeae
1288 1123 1331 1187 ad
1362 1141 1522 1207 praesens

411 1219 571 1300 existunt,
596 1222 794 1306 illarumque
820 1222 1005 1306 respective
1020 1224 1207 1304 cathedras,
1232 1224 1437 1309 episcopalia
1462 1245 1524 1289 no·

411 1323 511 1402 mina,
527 1325 716 1404 essentiam,
732 1337 885 1392 naturam
902 1337 937 1392 et
952 1335 1079 1393 statum
1096 1327 1362 1394 cathedralitatis
1379 1329 1424 1394 ad
1440 1327 1524 1393 eile-

411 1438 502 1492 ctum
519 1426 748 1513 infrascriptae
774 1451 883 1496 novae
905 1433 1083 1498 erectionis
1098 1433 1298 1516 Apostolica
1321 1434 1524 1500 auctoritate

410 1541 575 1616 perpetuo
596 1534 836 1617 supprimimus
862 1546 896 1601 et
921 1536 1163 1618 extinguimus,
1190 1555 1350 1620 easquea
1370 1537 1523 1622 qualibet

412 1633 543 1700 illorum
576 1636 915 1722 Archiepiscoporum
947 1639 1194 1724 metropolitica
1223 1639 1453 1706 iurisdictione
1486 1651 1523 1705 et

412 1739 530 1821 quavis
556 1740 622 1805 alia
648 1743 881 1825 superioritate
905 1744 1087 1809 eximimus
1111 1752 1147 1808 et
1172 1742 1363 1822 liberamus,
1389 1744 1523 1830 illisque

237 1838 385 1948 Afjjra'
301 1838 351 1883 ΗΜ
360 1837 389 1881 d‘
413 1843 461 1906 sic
486 1847 680 1929 suppressis,
707 1848 875 1926 extinctis,
899 1849 1067 1932 exemptis
1090 1857 1123 1912 et
1147 1847 1295 1913 liberatis
1318 1849 1454 1914 easdem
1478 1847 1524 1914 de

236 1957 265 2002 de
263 1910 385 2001 ἷΞΞΞΞΞ
352 1969 388 2000 res
413 1946 619 2032 Antequera,
634 1949 677 2015 de
694 1950 834 2016 Linares
849 1960 883 2015 et
898 1953 942 2016 de
958 1953 1122 2036 Durango
1137 1951 1296 2017 ecclesias
1311 1953 1354 2019 ad
1371 1954 1521 2018 eminen-

231 2016 386 2144 ΞΞΞΞΠΫ
338 2074 388 2119 aaa
413 2050 531 2115 tiorem
547 2053 881 2138 archiepiscopalium
898 2065 931 2120 et
948 2055 1282 2142 metropolitanarum
1305 2055 1522 2122 ecclesiarum

236 2136 286 2238 ἵζ’
278 2137 388 2251 {m
413 2155 554 2236 gradum
577 2167 611 2222 et
635 2156 805 2242 fastigium
831 2160 903 2242 pari
918 2160 1118 2226 auctoritate
1133 2169 1296 2244 perpetuo
1312 2159 1393 2226 item
1410 2161 1523 2225 evehi-

236 2253 344 2357 “¹223''
317 2327 339 2356 m
415 2277 488 2322 mus
503 2268 605 2343 atque
620 2261 825 2340 extollimus,
840 2263 887 2327 ita
899 2273 936 2328 ut
952 2263 1044 2346 ipsae
1059 2283 1104 2328 ex
1121 2281 1210 2327 nuuc
1222 2263 1381 2346 deinceps
1392 2263 1523 2327 archie-

230 2326 338 2478 {mehe
322 2386 365 2417 un·
413 2364 599 2447 piscopales
615 2375 650 2430 et
665 2366 945 2451 metropolitanae
971 2367 1130 2432 ecclesiae
1157 2376 1400 2451 nuncupentur,
1415 2376 1523 2450 atque

412 2460 495 2532 tale's
517 2489 636 2552 reapse
660 2469 847 2535 habeantur
869 2480 903 2536 et
927 2471 1004 2549 sint,
1018 2490 1058 2536 ac
1074 2472 1216 2554 proinde
1230 2471 1386 2536 omnibus
1401 2480 1436 2535 et
1450 2471 1522 2534 sin-

411 2572 498 2654 gulis
525 2571 659 2652 iuribus,
684 2573 976 2651 iurisdictionibus,
990 2574 1182 2652 honoribus,
1199 2575 1325 2658 gratiis,
1341 2573 1522 2653 iavnnbus,

410 2675 559 2752 indultis,
584 2679 835 2760 praerogativis,
863 2678 1135 2760 praeeminentiis
1164 2699 1204 2743 ac
1227 2677 1409 2764 privilegiis
1432 2687 1521 2744 cete·

411 2777 531 2860 risque,
545 2779 666 2862 quibus
681 2780 767 2846 aliae
782 2793 849 2846 tres
865 2783 898 2846 in
915 2783 1034 2847 eadem
1052 2781 1234 2848 Mexicana
1252 2783 1382 2848 ditione
1398 2791 1522 2846 metro·

411 2880 582 2964 politanae
597 2883 756 2947 ecclesiae
771 2886 814 2949 de
836 2886 907 2950 iure
921 2887 1092 2950 communi
1109 2885 1272 2964 fruuntur,
1287 2885 1463 2969 potiuntur
1484 2894 1521 2949 et

411 2984 569 3066 gaudent,
589 2986 706 3051 itidem
723 2997 757 3052 et
779 2988 906 3071 absque
921 2988 990 3053 ulla
1005 3009 1140 3072 prorsus
1167 2985 1357 3054 differentia
1372 2993 1522 3065 utantur,

267 3125 296 3169 1,
308 3125 386 3169 M„,·,
413 3087 572 3167 fruantur,
588 3090 761 3172 potiantur
775 3103 808 3156 et
824 3091 1003 3174 gaudeant.
1020 3092 1071 3158 Ut
1086 3112 1166 3158 vero
1193 3092 1395 3157 Mexicanus
1412 3089 1522 3156 Nobis

237 3197 321 3288 nm„
282 3184 386 3229 aim·
411 3192 601 3258 carissimus
639 3195 782 3278 populus
820 3194 1001 3260 faciliorem
1032 3215 1110 3260 cum
1148 3196 1291 3280 propriis
1328 3194 1523 3280 pastoribus

236 3257 388 3420 ΜΞΞΞ
412 3296 534 3361 habeat
563 3299 903 3364 communicationem
934 3311 968 3364 et
1005 3299 1049 3363 ab
1078 3298 1209 3377 iisdem,
1242 3301 1333 3383 quod
1369 3299 1523 3362 maxime

236 3363 339 3464 ἶΞῖῗΞα
292 3426 355 3465 narr
363 3399 521 3466 Nobis
536 3402 628 3465 cordi
649 3412 709 3478 est,
733 3422 791 3484 per
812 3403 949 3468 semitas
975 3403 1122 3467 iustitiae
1148 3404 1190 3467 ad
1216 3403 1374 3467 caelestia
1395 3421 1524 3486 pascua

236 3540 270 3584 „„
236 3455 387 3592 ffic'ffssss'
412 3502 583 3586 dirigatur,
599 3505 747 3588 quinque
761 3505 854 3584 alias,
870 3515 1001 3588 praeter
1015 3505 1083 3569 iam
1099 3507 1294 3584 existentes,
1310 3502 1520 3587 episcopales

235 3599 315 3761 ἕ-ΗΞ
311 3598 388 3702 “CT‘
412 3611 517 3684 sedes,
547 3608 687 3672 alteram
719 3627 840 3693 nempe
870 3628 890 3672 a
921 3606 1130 3685 Chihuahua,
1157 3607 1297 3672 alteram
1324 3627 1344 3670 a
1378 3603 1524 3684 Saltillo,

232 3731 308 3893 Τῖῖν
274 3731 365 3822 {lania
372 3715 551 3778 alteram
583 3711 743 3795 aTepic,
773 3711 912 3776 alteram
945 3710 1209 3778 aCuernavaca
1240 3730 1278 3776 ac
1309 3710 1473 3794 reliquam
1503 3729 1525 3774 a

328 3818 652 3900 qua-Tehuantepec
673 3815 856 3898 respective
883 3816 1135 3899 nuncupandas,
1151 3813 1352 3897 Apostolica
1378 3811 1526 3876 auctori·

237 3953 276 3998 ,p
232 3841 389 3998 ΞΞἈᾸΞΞ
412 3931 483 3986 tate
509 3921 679 4005 praedicta
705 3927 868 4003 perpetuo
890 3920 1045 3985 similiter
1068 3919 1232 4002 erigimus
1257 3937 1297 3982 ac
1313 3914 1524 3982 instituimus

238 4017 309 4116 §22
308 4017 348 4117 ζ
348 4026 388 4117 ξζζ
414 4026 471 4091 Ab
488 4026 695 4109 Episcopatu
711 4033 887 4108 propterea
903 4026 946 4090 de
963 4026 1128 4108 Durango
1152 4043 1232 4088 mox
1249 4023 1284 4086 in
1299 4022 1523 4106 archiepisco·

237 4131 271 4176 ἄν
273 4135 318 4175 '¹¹⁴²
302 4144 340 4176 “fl
413 4140 540 4212 patum,
555 4137 592 4193 ut
608 4126 801 4211 praefertur,
813 4139 935 4208 erecto,
946 4137 1057 4194 totum
1073 4127 1278 4192 territorium
1294 4135 1403 4190 status
1414 4123 1523 4189 crvrlrs

414 4233 457 4296 de
473 4232 672 4298 Chihuahua
689 4231 871 4314 nuncupati
888 4241 1051 4315 perpetuo
1066 4231 1357 4316 dismembramus,
1372 4228 1526 4311 illudque

414 4335 544 4398 noviter
559 4341 688 4396 erectae
704 4334 883 4416 episcopali
900 4333 971 4398 sedi
986 4334 1029 4398 de
1046 4331 1246 4398 Chihuahua
1261 4351 1323 4414 pro
1342 4331 1414 4394 cius
1429 4329 1526 4393 dioe-
