3352 4926
189 526 221 671 ,gl
247 587 297 648 ad
320 585 613 648 archiabbatem
635 586 917 646 Bouronensem
946 583 989 644 D.
1019 581 1215 644 Placidum
1247 584 1274 681 {⁴-

246 760 406 837 wolter,
433 761 476 822 0.
499 760 535 821 S.
560 760 613 837 B.,
629 759 677 820 de
697 759 876 820 laudibus
898 757 1069 818 defuncti
1091 756 1217 816 matris

187 886 213 999 l}
248 927 386 1002 Mauri,
424 926 596 986 eiusdem
631 923 942 1000 congregationis
980 921 1215 982 Fundatoris.

379 1197 531 1265 UMMA
545 1219 625 1282 erga
641 1199 714 1264 Nos
739 1199 850 1262 studia
873 1207 932 1263 tua
952 1207 1022 1264 tam
1044 1206 1122 1281 apte
1140 1197 1286 1264 vidimus
1347 1212 1429 1306 ‘4150'

245 1307 293 1457 S
399 1303 570 1387 explicata
583 1303 701 1368 litteris
712 1322 796 1386 quas
816 1303 871 1366 dre
880 1301 971 1366 Vlll
985 1302 1067 1366 Idus
1081 1301 1230 1384 Augusti
1242 1303 1285 1369 ad
1352 1318 1418 1376 1890.

400 1406 473 1470 Nos
482 1406 615 1484 dedisti
629 1417 665 1471 ut
677 1405 718 1470 iis
730 1425 934 1489 magnopere
949 1406 1198 1472 delectaremur.
1209 1406 1287 1470 Pro·
1348 1427 1464 1488 Pontifex

399 1509 510 1576 fecto
500 1521 547 1574 ita
568 1509 643 1575 Nos
654 1510 769 1574 animo
781 1518 993 1592 comparatos
1008 1528 1068 1572 eae
1083 1508 1214 1574 litterae
1228 1529 1286 1574 na·
1308 1491 1401 1615 {,'ffi
1417 1501 1464 1604 „2‘,

175 1624 250 1679 ctae
262 1624 350 1694 sunt,
361 1625 399 1678 ut
415 1633 530 1679 earum
547 1612 655 1679 Nobis
667 1612 778 1677 futura
789 1624 879 1678 esset
887 1614 1042 1695 acceptio
1053 1614 1244 1697 gratissima
1254 1624 1289 1680 et
1311 1605 1440 1716 Μζῧῑω
1422 1605 1464 1652 ²³¹·

176 1718 277 1784 lectio
292 1719 446 1784 iucunda.
464 1716 533 1781 Eas
549 1717 717 1800 siquidem
735 1718 896 1782 maiorem
913 1718 947 1782 in
963 1718 1101 1782 modum
1117 1738 1287 1784 commen·
1311 1738 1356 1783 que
1366 1724 1462 1770 laudat

177 1817 281 1882 dabat
310 1838 387 1882 cum
405 1827 599 1901 perspectus
615 1837 695 1900 erga
712 1817 785 1880 Nos
801 1817 933 1882 animus
949 1816 1123 1900 religiosae
1142 1818 1287 1884 familiae

178 1933 265 1998 tuae,
294 1931 368 1985 tum
384 1920 620 1986 benevolentia
643 1920 822 2002 singularis
847 1940 914 2002 qua
951 1941 1017 1984 non
1050 1923 1188 1985 modo'
1179 1941 1286 2006 ipsam
1311 1923 1464 2028 ,ηψπ

176 2024 442 2109 complectimur,
469 2027 527 2091 sed
557 2027 747 2090 universum
780 2023 954 2101 Ordinem,
981 2025 1037 2108 qui
1062 2025 1097 2092 S.
1113 2025 1285 2092 Benedicti
1307 2043 1422 2100 geraram

176 2131 315 2194 nomine
326 2129 514 2212 gloriantur
529 2128 657 2212 legiferi
672 2129 857 2195 conditoris
874 2129 934 2194 sui.
952 2129 1055 2194 Hunc
1075 2131 1165 2194 enim
1187 2131 1285 2197 Ordi·
1311 2113 1462 2205 {fimf

173 2253 251 2298 nem
270 2253 404 2315 semper
412 2233 548 2318 plurimi
561 2233 709 2310 lecimus,
721 2243 883 2317 tanquam
906 2233 1098 2316 perinsigne
1114 2233 1287 2299 Ecclesiae
1310 2219 1346 2323 fi,-
1360 2219 1462 2324 θ’ὅξῇζῖ

171 2347 419 2415 ornamentum,
435 2337 588 2420 adeoque
600 2336 788 2401 rationibus
800 2335 870 2399 eius
880 2344 914 2399 et
929 2335 1041 2400 decori
1056 2337 1159 2419 (quod
1173 2357 1235 2418 pro
1250 2356 1286 2400 re
1311 2351 1366 2441 ἕξ
1394 2343 1462 2382 “⁸²³-

172 2451 252 2506 nata
268 2441 392 2524 pluries
423 2442 538 2507 testati
566 2440 696 2518 sumus)
720 2439 876 2504 lavemus
901 2441 1060 2523 impense.
1088 2439 1285 2506 Gaudemus
1355 2430 1360 2441 '

172 2565 273 2627 porro
288 2545 338 2608 Te
354 2545 389 2609 in
405 2545 611 2628 capessenda
620 2565 699 2609 cura
715 2543 828 2609 collati
839 2545 984 2608 muneris
1000 2543 1195 2628 exemplum
1206 2545 1285 2611 Tibi

172 2649 388 2732 proposuisse
425 2648 623 2714 defunctum
659 2648 796 2714 fratrem
835 2659 942 2724 tuum,
972 2649 1126 2731 quitum
1159 2650 1286 2714 eximia

173 2754 309 2836 pietate,
319 2753 434 2818 studio
450 2754 655 2817 monasticae
664 2751 862 2837 disciplinae
872 2762 905 2816 et
921 2753 1075 2830 instituti,
1090 2755 1143 2818 cui
1161 2774 1284 2819 nomen
1318 2755 1463 2860 Ᾱζεῗοξαῆ

174 2858 323 2935 dederat,
338 2855 567 2939 amplificandi
580 2857 710 2934 enituit,
723 2865 797 2920 tum
809 2857 934 2940 ingenii
946 2867 981 2920 et
995 2857 1168 2922 doctrinae
1178 2858 1285 2924 laude
1302 2819 1463 2944 iiii-“sui-

173 2961 419 3045 praeclarisque
451 2959 606 3042 operibus
638 2958 681 3023 ad
717 2959 904 3024 animarum
940 2958 1083 3024 salutem
1114 2964 1287 3044 susceptis,
1311 2934 1445 3062 affara.

175 3065 299 3130 Nobile
314 3065 378 3128 boc
390 3064 600 3146 propositum
611 3072 710 3126 tuum
722 3062 848 3127 laetam
862 3060 969 3127 Nobis
985 3083 1080 3146 spem
1091 3062 1178 3143 facit,
1190 3065 1285 3130 Tem
1311 3051 1462 3164 maim

175 3186 264 3232 novo
289 3166 402 3230 officio
433 3165 592 3230 obeundo
616 3182 684 3229 non
715 3163 825 3228 minus
846 3165 1023 3246 potestatis
1047 3166 1117 3229 eius
1143 3168 1285 3250 dignum

173 3269 332 3334 heredem
343 3268 414 3333 sore
415 3289 540 3352 ,quarn
557 3269 718 3332 virtutum
734 3287 773 3332 ac
786 3267 989 3332 meritorum.
1000 3267 1101 3352 Quod
1118 3279 1156 3334 ut
1171 3290 1285 3336 cumu·
1357 3269 1462 3373 Verque

175 3374 244 3439 late
259 3381 428 3457 praestare
443 3371 556 3436 valeas
558 3381 678 3454 atque
688 3379 727 3435 ut
748 3370 947 3435 maioribus
938 3390 971 3433 in
983 3371 1073 3435 dies
1064 3375 1286 3453 incrementis
1303 3329 1380 3448 {igi
1377 3343 1413 3432 su
1406 3335 1463 3432 rii.

176 3477 229 3542 Te
239 3475 402 3563 praesule,
414 3476 635 3540 Beuronensis
649 3474 875 3558 congregatio
891 3473 1015 3551 floreat,
1030 3474 1121 3558 large
1136 3477 1285 3559 copiose·
1310 3447 1389 3558 112?
1377 3520 1404 3551 ,
1389 3446 1442 3552 ,ss
1437 3461 1464 3550 ἶ

177 3600 244 3666 que
264 3580 337 3645 dari
348 3581 426 3644 Tibi
442 3581 663 3662 adprecamur
677 3579 804 3661 gratiae
816 3577 969 3642 coelestis
986 3599 1132 3656 munera,
1147 3589 1181 3644 et
1192 3581 1285 3664 Apo·
1308 3565 1465 3684 jaim

177 3685 331 3751 stolicam
364 3683 638 3748 Benedictionem
664 3681 741 3746 Tibi
773 3692 808 3746 et
824 3681 995 3746 sodalibus
1025 3682 1145 3765 quibus
1169 3703 1286 3766 praees
1312 3689 1372 3731 ml·

179 3789 342 3855 universis
361 3799 394 3852 et
410 3787 551 3869 singulis
566 3796 779 3870 peramanter
795 3787 827 3848 in
846 3786 1019 3850 Domino
1010 3787 1229 3868 impertimus.

226 3894 354 3958 Datum
381 3893 512 3956 Romae
535 3891 626 3973 apud
651 3889 685 3956 S.
711 3889 846 3954 Petrum
873 3889 929 3954 die
957 3905 995 3952 12
1019 3888 1167 3973 Augusti
1197 3911 1288 3958 anno

182 3993 422 4063 MDCCCXC.

586 4077 805 4144 Pontificatus
823 4079 939 4144 Nostri
954 4079 1203 4146 decimotertio

731 4181 879 4322 LEOOP.
896 4183 930 4247 Ρ.
947 4183 1050 4249 XIII

274 4479 352 4528 Aera
367 4477 471 4526 Lamus
486 4477 559 4526 xlll.
