3354 4938
313 323 364 372 AD
383 318 617 371 ARCIIIEPISC.
640 319 687 370 ΕΤ
705 316 818 368 EPISC.
840 317 989 367 IMPERII
1008 319 1220 370 AUSTRIACI.
1257 319 1323 391 157

205 499 338 566 timide.
356 494 454 560 Velle
469 501 583 558 autem
609 500 648 556 ut
670 509 829 556 romanus
847 489 1006 555 Pontifex
1029 491 1110 556 nulli
1133 492 1241 558 subsit
1262 491 1323 557 ho·
1357 509 1495 602 mm

207 604 341 669 minum
372 598 501 674 ditioni,
525 597 584 661 sed
609 594 709 678 plene
738 592 795 658 sui
826 593 1039 679 perfecteque
1069 595 1113 660 sit
1143 595 1232 674 iuris,
1257 596 1321 666 hoc
1387 615 1453 674 1891.

207 725 336 789 nempe
361 701 508 768 officium
533 717 636 783 quum
663 697 706 762 ad
732 716 850 762 omnes
878 696 1002 782 ubique
1028 699 1181 782 gentium
1208 699 1323 766 catho-
1348 723 1499 794 vendicanda

207 811 305 887 iicos,
335 828 402 872 non
434 806 477 870 ad
513 822 613 868 unam
644 810 781 886 gentem
812 801 973 885 aliquam,
1002 811 1119 867 sancte
1148 803 1323 887 pertineat,
1347 783 1487 904 simp,

209 914 374 997 Episcopi
401 909 524 975 idcirco
555 905 686 972 collatis
712 906 850 970 videant
881 906 1056 970 sententiis
1087 916 1189 992 atque
1220 927 1323 991 opera

209 1017 368 1090 efficiant,
394 1022 431 1077 ut
453 1009 602 1075 fidelium
627 1009 740 1074 studia
766 1008 800 1072 in
825 1027 899 1073 eam
925 1008 1143 1075 iustissimam
1167 1029 1321 1075 caussam

208 1129 324 1187 erecta
348 1124 511 1193 constent,
531 1114 731 1196 calcantque
755 1112 798 1177 ad
827 1113 958 1177 exitum
984 1112 1125 1178 feliciter
1152 1125 1322 1180 maturan-

212 1227 307 1292 dum.
323 1260 366 1273 -
383 1220 514 1287 Ibidem
535 1216 714 1282 commode
738 1215 852 1281 licebit
869 1216 1045 1300 Episcopis
1071 1217 1211 1283 consilia
1237 1220 1323 1284 inter
1347 1207 1484 1312 {mm-a

210 1351 251 1396 se
266 1325 524 1400 communicare,
537 1321 634 1404 siqua
649 1318 827 1384 inciderint
842 1320 991 1384 ecclesiis
1015 1319 1084 1386 suis
1109 1321 1323 1405 impeditiora
1348 1327 1488 1376 tractanda:

211 1429 372 1514 negotia:
397 1425 510 1490 licebit
536 1423 648 1500 etiam,
671 1423 700 1486 si
724 1424 767 1487 de
791 1441 826 1485 re
852 1422 1012 1506 quapiam
1029 1425 1190 1506 expedire
1205 1425 1323 1502 visum,

211 1549 411 1600 communes
438 1528 566 1592 litteras
592 1534 626 1591 ct
652 1533 729 1590 acta
752 1524 918 1608 evulgare.
941 1561 982 1574 -
1011 1525 1098 1590 Item
1123 1526 1202 1591 cleri
1229 1527 1322 1593 insti·
1346 1537 1424 1583 clems
1467 1541 1501 1585 ad

209 1635 331 1702 tuendi
359 1630 604 1714 excolendique
627 1649 715 1706 cura,
735 1629 803 1712 qut
829 1627 921 1692 nulla
937 1627 1109 1713 Episcopo
1136 1631 1242 1695 maior
1266 1650 1322 1696 ne·
1348 1603 1495 1704 'surmus

208 1758 280 1823 que
310 1737 450 1812 uberior,
476 1753 574 1800 suum
605 1734 639 1798 in
677 1731 982 1797 consultationibus
1012 1732 1124 1799 locum
1161 1734 1322 1818 habebit3
1347 1716 1499 1829 mim?

209 1841 500 1926 quemadmodum
527 1836 705 1921 disciplina
734 1846 769 1901 et
799 1836 902 1900 rectio
931 1835 1125 1902 clericorum
1156 1843 1258 1904 sacris
1288 1841 1321 1904 in

210 1944 399 2010 seminariis
434 1943 477 2008 ad
500 1940 717 2006 Tridentinae
747 1940 919 2022 exigenda
949 1960 1094 2019 normas,
1120 1943 1320 2026 quibusnam

209 2050 392 2136 praecipue
418 2047 517 2112 rebus
541 2044 663 2110 alenda
692 2045 726 2109 in
758 2045 805 2109 eis
833 2046 941 2128 pietas
966 2055 1000 2110 et
1022 2064 1187 2128 generosa
1209 2049 1322 2127 virtus,

209 2171 379 2238 quaenam
407 2151 589 2216 maioribus
615 2150 785 2228 doctrinis,
809 2159 846 2215 ut
871 2159 1092 2233 congruenter
1113 2152 1321 2235 temporibus

209 2259 362 2334 floreant,
385 2255 605 2320 incitamenta
634 2252 832 2330 adiicienda,
856 2253 890 2316 in
921 2254 1080 2337 omnique
1105 2254 1195 2319 clero
1219 2275 1320 2339 quae-

210 2381 293 2427 nam
323 2361 366 2425 ad
398 2356 562 2441 ampliora
594 2356 783 2420 animorum
819 2355 910 2420 lucra
941 2357 1009 2420 sint
1039 2359 1255 2441 providenda.
1276 2397 1320 2408 —

208 2465 313 2551 Quod
340 2465 462 2530 attinet
487 2464 530 2528 ad
555 2481 675 2545 greges
700 2460 861 2538 fidelium,
877 2471 946 2526 tam
975 2461 1090 2527 multis
1113 2463 1147 2527 in
1164 2463 1318 2547 periculis

205 2571 405 2654 insidiisque
420 2577 600 2645 versantes,
615 2567 790 2652 permagni
807 2567 958 2631 intererit
972 2568 1064 2632 varia
1079 2567 1216 2652 provehi
1240 2568 1317 2634 sub·

203 2675 293 2740 sidia
320 2692 406 2758 quae
431 2673 512 2756 ipsis
535 2691 608 2736 esse
630 2671 705 2736 usui
728 2671 878 2754 possint:
905 2671 948 2736 de
972 2672 1094 2736 divinis
1118 2674 1216 2738 rebus
1239 2693 1316 2738 con·
1341 2638 1493 2743 {irim

202 2781 320 2846 cinnes
344 2785 377 2842 et
405 2775 605 2853 catecheses,
620 2775 664 2839 ad
689 2773 853 2852 homines,
869 2783 1008 2855 aetates,
1031 2775 1123 2841 locos
1147 2778 1233 2842 bene
1258 2797 1317 2860 ap·
1344 2756 1493 2874 {ssssssaqnssjssj

202 2880 334 2968 positas
348 2903 355 2959 ;
371 2881 444 2964 pias
460 2879 620 2944 laicorum
638 2898 706 2942 non
723 2898 791 2944 uno
806 2879 841 2944 in
868 2898 991 2961 genere
1011 2879 1218 2960 sodalitates,
1233 2901 1317 2964 quas
1345 2875 1461 2928 ''wndfflf

202 2986 326 3071 probet
342 2984 524 3067 laudetque
541 2981 709 3060 Ecclesia;
724 2981 921 3047 inviolatam
938 2981 1099 3047 festorum
1126 2986 1315 3049 custodiam

204 3097 241 3154 et
266 3086 482 3169 religionem;
510 3105 552 3149 ea
581 3103 717 3168 quoque
745 3083 798 3148 vel
831 3084 985 3149 instituta
1015 3084 1068 3149 vel
1095 3105 1206 3168 opera,
1227 3088 1316 3152 unde
1340 3087 1396 3158 ὄψ’
1407 3089 1488 3157 ,ῑῑῡῆὲ

204 3189 369 3266 fidelibus,
385 3187 550 3252 iuventuti
577 3188 611 3253 in
639 3187 765 3271 primis,
789 3190 962 3253 cautiones
986 3197 1169 3270 suppetant
1195 3209 1215 3253 a
1241 3210 1315 3273 pra·
1341 3147 1474 3267 Zigira.

204 3291 311 3357 vitate
338 3301 372 3355 et
395 3291 593 3372 corruptela,
608 3300 643 3356 et
666 3290 756 3354 unde
782 3297 1066 3354 sacramentorum
1097 3290 1316 3359 saluberrima

205 3395 416 3461 consuetudo
443 3394 688 3474 increbrescat3
713 3393 859 3477 denique
883 3393 995 3470 libros,
1010 3394 1125 3474 diaria,
1140 3397 1262 3461 similia
1281 3399 1314 3464 in

203 3497 325 3580 vulgus
342 3498 430 3575 data,
446 3516 532 3580 quae
556 3497 599 3563 ad
616 3495 694 3560 fidei
717 3495 947 3561 defensionem
964 3494 1090 3562 faciant
1117 3517 1316 3584 morumque

205 3599 427 3682 disciplinam.
444 3598 521 3684 Qua
547 3601 582 3664 in
605 3620 638 3664 re
665 3599 747 3664 illud
774 3598 888 3682 magni
911 3599 1011 3664 refert
1029 3599 1205 3685 Episcopis
1226 3623 1316 3669 com·

207 3704 367 3771 mendare
393 3705 484 3787 quod
509 3703 636 3770 iamdiu
653 3703 804 3769 fovemus
831 3703 946 3768 animo
969 3713 1004 3768 et
1019 3702 1185 3788 frequenti
1200 3706 1316 3770 admo·

207 3809 337 3875 uitione
353 3809 547 3886 insistimus,
561 3818 600 3873 ut
615 3807 790 3872 hominum
814 3807 1057 3874 catholicorum
1085 3816 1119 3873 in
1141 3809 1317 3875 scribendo

207 3913 409 3994 edendoque
435 3911 582 3977 sollertia
607 3921 642 3976 et
668 3911 805 3976 meliore
820 3910 939 3976 ordine
954 3919 1142 3993 temperata
1157 3913 1317 3994 procedat

208 4024 243 4080 et
258 4014 414 4094 secundis
431 4015 544 4098 vigeat
566 4013 789 4080 incrementis
807 4013 985 4078 Eiusmodi
1011 4013 1144 4097 scriptis
1171 4014 1318 4098 optimis,

209 4136 298 4202 quae
325 4115 376 4181 vel
403 4118 555 4200 quotidie
584 4117 637 4183 vel
664 4117 764 4183 certis
789 4116 910 4182 diebus
940 4118 1147 4196 emittantur,
1174 4117 1317 4185 multum

210 4223 350 4291 sanein
377 4222 470 4288 omni
494 4231 595 4307 gente
618 4230 670 4289 est
693 4222 908 4289 tribuendum
933 4223 977 4288 ad
1005 4222 1167 4290 utilitates
1193 4225 1240 4288 rei
1267 4245 1317 4291 sa·

211 4342 289 4391 crae
304 4332 339 4388 et
353 4325 468 4406 civilis,
482 4327 552 4393 sive
567 4327 658 4412 quod
674 4345 731 4393 eas
746 4325 902 4410 pmxime
925 4334 1077 4393 tutentur
1104 4335 1139 4394 et
1162 4341 1319 4412 augeant,
