3352 4926
181 291 233 342 ns:
251 286 461 341 rusurruro
480 285 747 340 couvaurnuu
766 285 966 340 mruonrc.
986 285 1029 338 ru
1049 259 1188 342 rreum.
1215 273 1287 366 265

181 465 337 549 gerendis
360 485 447 549 quae
487 465 607 530 celsius
631 465 780 530 eminent
806 463 972 548 latiusque
995 475 1221 548 prospectant,
1247 488 1288 533 ac

181 568 265 632 fines
294 569 406 652 potius
422 568 632 652 contingunt,
647 587 732 653 quos
747 577 863 634 coetus
887 578 997 634 vester
1022 569 1086 634 sibi
1103 571 1288 654 proposuit,
1354 573 1420 632 1891·

181 672 351 754 conspiret
365 673 474 738 amice
488 672 688 737 vobiscum'
678 673 845 737 iuniorum
857 673 1009 752 societas,
1024 682 1126 757 atque
1147 693 1286 757 operam

181 776 277 841 vobis
292 778 453 859 praebeat
464 777 671 842 adiutricem.
689 777 764 842 lmo
782 796 886 860 quum
902 777 1174 860 prospiciendum
1190 778 1233 842 sit
1249 785 1287 842 ut
1313 791 1373 832 ma
1357 802 1398 833 am

180 881 334 946 societati
364 889 494 946 vestrae
520 881 705 945 identidem
733 879 792 946 fiat
808 900 970 946 novarum
996 880 1116 947 virium
1132 890 1167 946 et
1181 900 1287 965 prope
1313 846 1404 952 {inici
1418 907 1466 953 nra

181 985 259 1050 novi
275 985 448 1068 sanguinis
474 985 620 1050 accessio
650 1003 692 1048 ne
718 986 879 1068 temporis
908 986 1050 1050 decursu
1081 985 1287 1070 languescat,
1313 965 1431 1069 ‘lim

179 1091 309 1154 decet
304 1089 445 1154 ornnino
471 1097 509 1152 ut
539 1088 710 1171 praedicta
732 1090 886 1167 societas,
907 1089 1060 1174 inquam
1083 1083 1427 1188 coaptanturcgmwttrt

179 1201 292 1258 aetate
308 1193 463 1272 minores,
478 1191 611 1258 sodales
626 1212 705 1257 suos
720 1194 815 1276 quasi
831 1194 957 1258 tirones
966 1201 1062 1276 paret
1085 1204 1119 1259 et
1134 1194 1288 1268 instruat,
1312 1147 1454 1260 coapiantur

178 1297 237 1382 qui
267 1298 447 1381 suppleant
480 1297 685 1380 quandoque
721 1297 854 1362 ordines
896 1307 1034 1376 vestros,
1060 1307 1094 1364 et
1125 1317 1144 1362 e
1181 1299 1288 1365 classe

180 1401 347 1466 iuniorum
378 1400 502 1482 egressi
533 1400 725 1482 receptique
764 1401 797 1464 in
834 1410 969 1466 coetum
994 1410 1141 1466 vestrum
1166 1401 1287 1468 clarius

179 1507 263 1570 dent
277 1505 449 1586 specimen
467 1503 528 1568 zeli
547 1513 581 1568 et
597 1503 700 1568 virilis
715 1505 819 1568 animi
835 1505 868 1568 in
885 1505 1019 1569 tuendis
1044 1505 1215 1572 Ecclesiae
1236 1526 1287 1571 ra·

179 1609 337 1676 tionibus.

223 1713 281 1778 Ad
295 1733 355 1777 vos
364 1713 457 1796 quod
467 1712 599 1790 attinet,
613 1731 682 1794 quo
696 1713 818 1776 certius
834 1712 1045 1796 propositum
1066 1712 1161 1778 vobis
1184 1712 1285 1778 finem

179 1817 314 1907 possitis
330 1816 472 1900 assequi,
481 1814 615 1900 lateque
635 1815 762 1879 viribus
777 1815 954 1898 explicatis
970 1815 1095 1898 largius
1119 1816 1286 1881 effundere

178 1924 297 1990 salutis
308 1921 436 1986 fructus
452 1930 486 1985 et
501 1921 685 2001 paratiores
710 1919 832 2002 operiri
856 1918 968 1984 futura
983 1920 1177 2000 certamina,
1199 1921 1285 1986 nita-

178 2029 259 2094 mini
272 2034 405 2110 oportet
422 2034 459 2088 ut
474 2023 560 2088 ratio
575 2022 721 2087 instituti
737 2023 839 2086 vestri
859 2042 1108 2107 quaquaversus
1133 2033 1286 2107 porrecta

176 2133 221 2200 ad
237 2150 356 2216 ornnes
375 2127 493 2193 ltaliae
509 2125 662 2210 regiones
688 2127 862 2208 pertineat,
889 2126 1039 2210 auspicio
1064 2138 1098 2191 et
1114 2129 1217 2194 ductu
1233 2149 1287 2194 sa·

178 2255 310 2302 crorum
328 2231 541 2297 Antistitum.
558 2229 637 2294 Huc
653 2230 768 2312 itaque
790 2230 964 2294 incumbat
994 2231 1158 2296 industria
1173 2241 1284 2297 vestra
1343 2265 1463 2324 guma,

178 2351 216 2406 ut
227 2347 386 2421 augescat
402 2337 567 2400 sociorum
579 2353 747 2412 numerus,
763 2343 799 2399 ut
814 2333 871 2398 alii
885 2335 1066 2399 comitatus
1081 2335 1284 2414 excitentur,
1309 2328 1376 2428 fin„
1376 2325 1432 2429 23¹
1420 2329 1461 2370 “⁴

177 2454 280 2528 atque
295 2443 382 2506 inter
396 2448 531 2504 coetum
547 2449 694 2504 vestrum
722 2449 757 2504 et
782 2439 866 2502 alias
891 2439 1074 2504 catholicas
1094 2439 1337 2518 societates,
1309 2447 1369 2496 lm
1389 2441 1461 2488 mm·

177 2548 300 2631 quibus
319 2564 379 2608 vos
404 2543 532 2626 praeire
547 2543 681 2608 decet
671 2561 704 2606 rn
727 2543 841 2608 arduis
866 2543 1017 2626 inceptis,
1041 2563 1081 2608 ea
1105 2552 1282 2608 nectantur
1275 2488 1461 2607 ἴῖἷιιῗκῖιπ

172 2650 414 2729 firmenturque
444 2646 578 2711 vincula
604 2645 771 2712 fraternae
797 2657 831 2711 et
866 2645 1006 2711 intimae
1035 2646 1281 2712 coniunctionis
1304 2633 1450 2738 Zfflm
1378 2693 1391 2724 ,
1413 2645 1461 2740 „sj

174 2771 261 2836 quae
285 2747 436 2830 duplicat
451 2748 547 2822 vires,
564 2755 598 2810 et
613 2745 732 2829 optimi
755 2745 982 2830 spiritusque
997 2749 1114 2812 sociati
1129 2745 1282 2812 homines
1300 2739 1439 2798 s¹¹⁸⁴l¹l¹⁴=

171 2861 328 2937 aguntur,
357 2849 487 2915 illustre
516 2851 655 2932 praebet
670 2859 981 2933 argumentum.-
936 2851 1072 2914 -Zeli
1093 2851 1232 2915 demum
1248 2860 1282 2915 et

171 2957 367 3040 diligentiae
383 2964 515 3018 vestrae
526 2973 646 3018 munus
662 2955 724 3018 erit
739 2953 921 3018 comitatus
935 2951 1113 3018 sufficere
1103 2975 1137 3018 rn
1149 2955 1188 3017 iis
1201 2955 1282 3018 locis

175 3063 231 3127 ubi
256 3060 341 3125 aliae
371 3058 558 3123 catholicae
573 3059 839 3124 consociationes
865 3057 989 3122 desunt
1018 3067 1053 3122 et
1078 3077 1284 3142 congregare

176 3164 322 3228 iuniores
339 3163 372 3227 in
390 3161 580 3245 manipulos
602 3161 703 3246 (quos
727 3163 893 3227 sectiones
907 3163 1039 3246 dicunt)
1059 3164 1115 3228 nbi
1131 3165 1183 3228 vel
1200 3163 1283 3229 nulli

177 3278 256 3334 sunt
271 3287 386 3331 eorum
403 3266 527 3344 circuli,
539 3266 650 3345 veliis
666 3267 743 3330 licet
756 3266 961 3344 extantibus,
971 3268 1005 3331 in
1016 3268 1130 3350 aprico
1142 3273 1283 3334 necessi-

178 3383 231 3439 tas
242 3382 292 3436 est
308 3371 480 3435 validioris
492 3371 619 3436 auxilii.

223 3477 362 3542 lnterim
379 3484 416 3539 ut
432 3475 526 3538 Deus
542 3474 668 3540 invicto
694 3473 759 3538 hoc
785 3474 902 3557 spiritu
930 3473 992 3538 zeli
1023 3484 1057 3539 et
1084 3475 1282 3540 concordiae
1355 3498 1459 3546 aaron·

175 3581 278 3646 corda
290 3589 400 3644 vestra
416 3578 604 3662 perfundat,
618 3579 690 3656 tibi,
707 3577 829 3642 dilecte
841 3577 897 3657 fili,
907 3579 1005 3643 sociis
1021 3579 1082 3643 tibi
1098 3579 1280 3644 adsidenti-
1308 3558 1421 3662 2¹1⁰,‘,²,⁶⁰„
1412 3573 1451 3604 ’Μ’

174 3687 259 3752 bus
250 3706 283 3749 rn
300 3685 463 3749 comitatu
476 3683 624 3767 generali
640 3686 861 3767 permanenti,
881 3704 943 3749 nec
963 3705 1031 3750 non
1048 3687 1207 3750 omnibns
1222 3687 1280 3770 qui
1307 3676 1430 3782 sm’ffigg

173 3790 337 3873 praedicti
353 3797 540 3852 conventus
563 3787 744 3870 participes
770 3786 902 3866 luerint,
917 3788 1153 3871 Apostolicam
1181 3789 1281 3853 bene·

173 3894 367 3970 dictionem,
377 3903 538 3977 paternae
547 3893 696 3958 caritatis
707 3903 838 3972 testem,
850 3913 895 3958 ex
908 3894 1027 3958 intimo
1038 3893 1149 3957 cordis
1158 3893 1281 3958 aflectu

174 3997 396 4080 impertimus.

219 4101 348 4166 Datum
376 4101 508 4165 Romae
527 4100 617 4183 apud
642 4099 675 4166 S.
693 4099 828 4164 Petrum
844 4100 899 4165 die
913 4117 936 4183 9
951 4099 1160 4182 Septembris
1189 4101 1281 4183 1891,

171 4205 395 4271 Pontificatus
411 4205 526 4269 Nostri
542 4204 774 4268 annodecimo
784 4213 912 4285 quarto.

940 4305 1036 4372 LEO
1054 4307 1116 4371 ΡΡ.
1135 4307 1236 4373 ΧΙΙΙ.

1323 483 1459 568 SEPTEM.
1566 551 1567 556 =
1629 535 1632 542 “
