3364 4928
266 2083 387 2130 Stimula-

236 2148 280 2190 trrr
324 2145 388 2190 relus

236 2202 345 2250 Antisti-

236 2267 295 2310 tum.

418 327 465 394 26
515 343 661 396 annun.
684 346 842 396 uucvcu.
865 333 886 362 “
906 347 1132 398 samanae
1150 345 1408 396 cumsrraunu
1427 381 1448 411 ,‚

414 529 538 586 testate
561 523 604 587 sit
628 524 769 588 educere
795 523 926 600 liberos,
954 525 1001 588 uti
1029 544 1090 606 par
1119 533 1179 600 est,
1205 542 1297 587 more
1326 522 1519 604 christiano,

415 626 631 726 maq'meque
646 627 821 710 prohibere
837 627 959 691 scholis
971 627 1020 705 ii's,
1033 647 1055 692 a
1071 627 1192 710 quibus
1208 626 1391 709 perieulum
1408 636 1459 692 est
1475 648 1517 692 ne

415 729 541 795 malurn
571 750 737 795 venenum
765 731 931 796 imbibant
961 731 1153 813 impietatis.
1169 729 1255 796 Cum
1286 730 1329 794 de
1360 729 1519 814 fingenda

413 833 517 917 probe
547 834 773 899 adolescentia
803 836 923 919 agitur,
938 835 1030 901 nulla
1061 854 1164 917 opera
1194 843 1307 917 potest
1331 853 1393 898 nec
1424 833 1520 898 labor

414 938 536 1019 suscipi
563 946 686 1016 tantus,
697 941 777 1024 quin
808 941 910 1006 etiam
928 939 996 1004 sint
1012 939 1225 1022 suscipienda
1242 939 1378 1003 maiora.
1397 937 1435 1002 ln
1451 957 1519 1022 quo

414 1061 495 1104 sane
522 1041 615 1124 digni
641 1045 791 1108 omnium
815 1043 1038 1108 admiratione
1065 1052 1143 1106 sunt
1168 1041 1323 1106 catholici
1350 1063 1396 1106 ex
1419 1042 1519 1106 variis

414 1146 570 1228 gentibus
600 1147 798 1229 complures,
827 1148 885 1230 qui
916 1167 992 1212 suas
1024 1146 1214 1211 erudiendis
1248 1147 1359 1229 pueris
1386 1145 1518 1210 scholas

416 1267 539 1331 magno
565 1259 712 1332 sumptu,
732 1249 858 1314 maiore
881 1251 1071 1314 constantia
1094 1269 1259 1332 paravere.
1277 1247 1451 1313 Aemulari
1467 1267 1520 1311 sa·

414 1348 520 1415 lutare
536 1353 741 1435 exemplum,
752 1352 955 1435 ubicumque
978 1352 1149 1435 postulare
1163 1352 1341 1418 videantur
1356 1362 1519 1433 tempora,

414 1454 531 1533 decet;
555 1455 614 1519 sed
649 1455 796 1538 positum
831 1457 875 1520 sit
900 1455 1073 1539 imprimis,
1099 1457 1239 1520 omnino
1278 1457 1311 1519 in
1340 1476 1518 1538 puerorum

412 1557 534 1622 animis
550 1559 729 1641 plurimum
746 1558 991 1624 institutionem
1017 1559 1237 1624 domesticam
1265 1580 1371 1643 posse
1388 1558 1426 1624 Si
1438 1559 1519 1623 ado·

413 1661 540 1724 lescens
556 1671 648 1727 aetas
674 1662 885 1746 disciplinam
909 1663 999 1727 vitae
1022 1663 1173 1746 probam,
1187 1663 1417 1746 virtutumque
1431 1661 1518 1728 chri·

413 1764 597 1829 stianarum
627 1775 801 1849 tamquam
832 1765 1034 1848 palaestram
1050 1765 1143 1830 domi
1167 1766 1332 1849 repererit,
1356 1783 1517 1849 magnum

414 1866 616 1949 praesidium
633 1867 789 1932 habitura
804 1867 895 1932 salus
919 1877 969 1931 est
985 1867 1171 1932 civitatum.

457 1970 621 2052 Attigisse
640 1971 706 2034 iarn
726 1971 888 2048 videmur,
902 1990 987 2054 quas
1011 1971 1161 2034 maxime
1188 1990 1239 2035 res
1271 1970 1334 2033 boc
1364 1979 1516 2051 tempore

412 2073 515 2158 sequi,
530 2093 613 2156 quas
629 2071 742 2156 lugere
765 2073 920 2137 catholici
936 2074 1090 2138 homines
1106 2073 1260 2138 debeant
1277 2110 1319 2122 -
1336 2071 1516 2156 Reliquum

411 2185 472 2255 est,
488 2177 588 2260 idque
600 2185 783 2242 vestrarum
796 2188 847 2242 est
859 2177 1236 2261 partium,Venerabiles
1250 2175 1391 2252 Fratres,
1402 2195 1518 2240 curare

410 2292 449 2346 ut
460 2301 529 2347 vox
546 2280 671 2347 Nostra
686 2301 897 2365 quacumque
929 2284 1099 2364 pervadat,
1119 2300 1304 2364 omnesque
1328 2279 1518 2362 intelligant

411 2385 527 2468 quanti
556 2386 676 2450 relerat
691 2405 739 2462 ea,
755 2405 843 2469 quae
858 2387 909 2450 his
941 2385 1059 2450 litteris
1085 2384 1251 2468 persecuti
1266 2404 1392 2461 sumus,
1407 2383 1517 2465 reipsa

411 2489 548 2556 efficere.
563 2491 696 2554 Horum
712 2490 896 2556 officiorum
914 2511 980 2554 non
998 2500 1109 2574 potest
1120 2490 1262 2556 molesta
1272 2499 1306 2554 et
1317 2490 1428 2573 gravis
1444 2505 1517 2552 esse

410 2593 572 2671 custodia,
588 2594 667 2676 quia
681 2592 797 2675 iugum
813 2595 900 2660 lesu
917 2593 1076 2660 CHRIST1
1101 2613 1203 2658 suave
1217 2601 1278 2668 est,
1293 2601 1328 2656 et
1343 2611 1428 2656 onus
1444 2590 1515 2654 eius

410 2695 550 2762 leva-
577 2697 614 2762 Si
639 2697 720 2782 quid
745 2707 860 2762 tamen
889 2695 1056 2762 difficillus
1082 2697 1170 2762 lactu
1202 2697 1366 2774 videatur,
1389 2695 1514 2760 dabitis

409 2805 607 2867 auctoritate
623 2802 849 2885 exemploque
864 2823 1011 2885 operam,
1024 2813 1061 2866 ut
1075 2803 1183 2866 acrius
1199 2802 1340 2885 quisque
1357 2800 1512 2864 intendat

409 2906 636 2988 invictumque
661 2915 807 2988 praestet
830 2927 850 2970 a
876 2904 1129 2970 difficultatibus
1145 2906 1305 2970 animum.
1321 2903 1512 2981 Ostendite,

407 3013 498 3093 quod
514 3012 646 3093 saepius
673 3010 736 3092 ipsi
762 3011 962 3086 monuimus,
979 3011 1012 3074 in
1040 3009 1187 3093 periculo
1203 3028 1276 3073 esse
1298 3007 1515 3092 praestantis·

408 3114 502 3192 sima,
514 3133 552 3177 ac
562 3131 693 3177 summe
702 3113 896 3195 expetenda
909 3114 998 3178 bona
1009 3137 1016 3178 :
1027 3133 1087 3196 pro
1100 3133 1242 3197 quorum
1258 3113 1513 3177 conservatione

407 3235 525 3280 omnes
540 3235 613 3280 esse
639 3215 796 3298 patibiles
817 3215 947 3281 labores
968 3217 1138 3300 putandos
1152 3238 1160 3296 ;
1175 3217 1322 3300 ipsisque
1342 3215 1512 3280 laboribus

407 3331 537 3386 tantam
563 3321 864 3385 remunerationem
882 3320 961 3398 lore,
976 3332 1139 3408 quantam
1156 3322 1335 3387 christiane
1351 3331 1427 3385 acta
1442 3320 1512 3383 vita

409 3424 593 3490 maximam
621 3425 717 3506 parit.
749 3423 888 3508 Alioqui
914 3445 1127 3509 propugnare
1164 3446 1224 3509 pro
1248 3424 1384 3490 Christo
1414 3422 1514 3500 nolle,

408 3547 603 3610 oppugnare
613 3537 666 3593 est
681 3529 770 3611 ;ipse
785 3539 898 3593 autem
914 3539 1057 3595 testatur
1073 3529 1125 3613 (1),
1141 3539 1340 3613 negaturum
1353 3546 1512 3593 securam

408 3630 506 3693 Patre
521 3651 582 3694 suo
597 3632 629 3694 in
646 3631 756 3709 caelis,
767 3642 935 3716 quotquot
947 3635 1057 3716 ipsum
1068 3653 1181 3698 coram
1205 3633 1399 3697 hominibus
1412 3631 1512 3714 profi·

408 3734 468 3796 teri
496 3733 529 3797 in
558 3735 652 3798 terris
671 3736 863 3800 recusarint.
879 3773 922 3786 -·
947 3737 1005 3802 Ad
1034 3757 1095 3801 nos
1120 3737 1209 3821 quod
1237 3738 1369 3812 attinet,
1384 3755 1510 3818 vosque

408 3837 588 3914 universos,
604 3856 787 3921 numquam
816 3838 975 3922 proiecto,
991 3841 1072 3904 dum
1089 3841 1157 3904 vita
1172 3849 1339 3922 suppetat,
1355 3839 1513 3904 commis-

407 3941 473 4004 suri
490 3961 614 4017 sumus,
630 3951 666 4005 ut
689 3944 880 4020 auctoritas,
906 3943 1091 4020 consilium,
1106 3961 1208 4024 opera
1229 3940 1354 4006 Nostra
1375 3960 1513 4024 quoquo

408 4043 510 4108 modo
534 4044 568 4107 in
595 4046 777 4110 certamine
799 4046 1014 4111 desideretur.
1033 4044 1152 4129 Neque
1182 4057 1233 4110 est
1259 4045 1411 4118 dubium,
1433 4063 1511 4110 cum

407 4147 511 4230 gregi,
524 4157 597 4210 tum
614 4150 802 4230 pastoribus
815 4150 1018 4232 singularem
1036 4149 1101 4212 Dei
1116 4167 1226 4232 opem,
1237 4147 1349 4229 quoad
1361 4147 1510 4212 debella·

410 4260 481 4315 tum
506 4251 577 4326 erit,
599 4251 799 4318 adfuturam.

441 4407 460 4439 1.
475 4392 543 4444 Luc..
560 4403 596 4446 rx,
607 4395 646 4442 26.
