3364 4928
215 298 267 380 DE
284 297 492 350 CONVENTU
512 298 623 350 CATH.
644 298 990 352 CAESARAUGUSTAE
1008 299 1202 352 HABENDO.
1235 299 1280 369 33

176 486 256 542 stas.
269 477 437 560 Equidem
453 477 542 543 haud
555 479 759 561 ambigimus
775 481 866 563 quin,
876 477 1017 544 ducibus
1035 478 1141 554 vobis,
1158 477 1283 560 Hispa·
1319 489 1455 570 neribus.

176 581 254 645 niae
279 579 395 645 fideles
421 581 606 646 catholicae
633 582 802 666 religionis
818 581 967 647 studium
990 579 1282 646 amaioribustra-
1351 575 1417 635 ¹⁸⁹⁰·

176 683 286 750 ditum
312 694 507 750 constanter
524 685 666 750 retinere
696 697 847 769 pergant,
872 706 911 750 ac
927 685 1044 751 sedulo
1068 685 1283 749 meminerint

175 786 266 852 hanc
277 788 340 852 sibi
353 789 562 871 potissimam
579 789 705 874 gloriae
720 800 755 855 et
766 791 938 873 potentiae
953 809 1106 853 caussam
1123 790 1285 856 extitisse.

222 891 272 956 At
295 911 375 956 vero
398 891 524 956 fructus
546 893 715 957 maximus
735 903 838 976 atque
862 893 1092 977 optatissimus
1119 913 1178 975 per
1196 891 1285 955 hunc
1347 911 1463 980 ¹Fructus

178 1003 383 1059 conventum
398 995 580 1077 capiendus
590 997 653 1060 erit
662 1016 707 1060 ex
720 1007 820 1062 aucta
835 1007 868 1061 et
883 995 1080 1061 confirmata
1096 996 1284 1060 animorum
1308 976 1458 1088 {Jffldm

178 1097 416 1162 coniunctione
431 1097 474 1160 ad
501 1118 714 1162 communem
740 1109 882 1164 matrem
908 1098 1095 1163 Ecclesiam
1116 1098 1288 1176 tuendam,
1310 1088 1355 1192 ’ἐξα
1371 1102 1463 1192 ωἵξξζ

180 1199 316 1284 quaein
333 1221 491 1284 praesens
518 1202 730 1267 conflictatur
741 1203 932 1286 asperrime.
950 1203 1061 1266 Huius
1088 1203 1287 1268 concordiae
1312 1220 1402 1312 mdo
1418 1206 1465 1310 Eiet

180 1303 413 1369 conciliandae
428 1303 658 1389 fovendaeque
679 1308 827 1371 studium
843 1327 919 1371 cum
936 1307 998 1373 tibi
1013 1307 1155 1391 aliisque
1170 1307 1288 1371 Eccle·
1312 1324 1392 1371 cressa.

181 1403 306 1467 siarum
322 1403 540 1486 praesulibus,
555 1415 628 1470 tum
644 1407 762 1470 ceteris
777 1407 939 1489 Hispanis
952 1406 1106 1472 fidelibus
1118 1426 1288 1472 commen·

182 1507 303 1572 damus
319 1509 429 1574 enixe.

228 1611 332 1676 Hand
354 1612 515 1696 obscurae
535 1621 614 1676 sunt
632 1612 740 1678 Nobis
761 1613 940 1697 pertinacis
964 1614 1092 1678 dissidii
1108 1634 1254 1692 caussae,
1271 1636 1289 1679 e

184 1717 304 1783 studiis
319 1717 466 1801 partium
483 1717 517 1781 in
546 1737 581 1780 re
605 1717 692 1782 civili
711 1728 897 1795 manantes,
913 1738 1000 1802 qnae
1015 1717 1090 1782 istic
1105 1718 1288 1783 catholicos
1350 1785 1375 1830 P
1421 1783 1426 1794 ,

179 1824 269 1888 viros
296 1822 384 1886 inter
405 1842 441 1885 se
465 1821 684 1887 committunt
699 1831 733 1886 et
748 1823 792 1886 ab
807 1820 924 1886 officiis
951 1831 1066 1888 arcent
1081 1823 1289 1906 gravioribus
1308 1785 1467 1913 puniit&

180 1944 267 2010 quae
282 1925 359 1988 Deo
371 1933 405 1988 et
427 1924 598 1989 Ecclesiae
610 1925 781 1990 debentur.
798 1925 999 2008 Agnoscant
1011 1925 1156 2009 denique
1171 1945 1288 1990 omnes
1313 1903 1417 2015 {iffi
1438 1907 1466 1948 '⁴‘

179 2028 244 2092 hoc
260 2029 325 2094 sibi
341 2049 414 2093 esse
429 2029 608 2112 agendum,
623 2031 714 2112 quod
731 2029 849 2094 litteris
859 2029 993 2094 Nostris
1004 2029 1181 2111 encyclicis
1192 2043 1288 2093 xvm
1314 2021 1468 2128 {312⁸}ss

181 2130 345 2196 kalendas
369 2131 567 2196 Februarias
594 2131 682 2196 datis
706 2131 916 2212 tradidimus,
943 2142 988 2209 ut,
1004 2133 1124 2196 misera
1147 2142 1181 2196 et
1197 2132 1289 2196 inani
1312 2113 1466 2244 maggen!

181 2236 431 2300 concertatione
460 2235 584 2313 relicta,
608 2235 733 2299 viribus
773 2233 893 2299 iunctis
929 2236 1074 2302 invictae
1109 2236 1288 2320 phalangis
1314 2212 1382 2305 2221.
1425 2205 1466 2258 ‘W

181 2337 297 2419 instar,
311 2349 516 2423 consurgant
538 2340 581 2404 ad
613 2359 767 2404 caussam
785 2340 948 2404 tuendam
977 2341 1022 2403 rei
1046 2339 1231 2405 catholicae
1254 2341 1286 2405 in

180 2461 282 2525 grave
291 2442 470 2508 discrimen
486 2444 678 2509 adductam.
689 2480 733 2492 -
748 2441 980 2526 Quamobrem
996 2455 1030 2508 te
1045 2444 1194 2529 aliosque
1209 2443 1288 2511 His·

181 2545 359 2628 paniarum
375 2545 557 2611 Antistites
572 2547 675 2611 etiam
691 2555 794 2631 atque
809 2547 913 2611 etiam
936 2546 1119 2625 hortamur,
1134 2557 1171 2612 ut
1194 2568 1288 2613 occa·

180 2651 310 2714 sionem
328 2651 536 2733 nacti,quam
561 2651 706 2716 indictus
731 2651 828 2717 vobis
843 2660 1028 2717 conventus
1044 2653 1191 2735 praebet,
1207 2652 1288 2718 nulli
1338 2717 1465 2763 omi·

180 2755 327 2840 parcatis
343 2753 448 2819 labori
464 2764 498 2820 et
514 2755 697 2821 industriae
712 2776 800 2839 quae
814 2755 947 2820 flectere
963 2758 1068 2838 possit
1093 2755 1288 2822 obfirmatos
1314 2723 1379 2822 md·
1401 2777 1464 2846 tenc

179 2857 323 2934 animos,
347 2876 390 2922 ne
419 2879 454 2921 se
485 2858 629 2943 amplius
644 2858 721 2923 ferri
736 2859 849 2923 sinant
865 2880 906 2923 eo
921 2860 1145 2924 contentionis
1158 2861 1285 2943 spiritu,
1312 2837 1465 2940 ζζῖἶῖἑῗῖ

179 2962 238 3044 qui
266 2962 398 3044 spiritui
428 2962 625 3028 adversatur
653 2963 847 3028 lenitatiset
863 2963 954 3044 pacis
970 2963 1074 3028 divini
1091 2963 1287 3029 Conditoris
1313 2953 1465 3058 ssfli'ffi‘gzj

180 3065 363 3145 Ecclesiae,
389 3075 423 3131 et
447 3066 676 3131 communium
705 3067 852 3131 hostium
881 3066 976 3131 effert
1005 3068 1190 3134 audaciam.
1218 3068 1287 3132 Eos
1314 3071 1429 3119 mendat:

178 3171 303 3254 itaque,
318 3179 420 3254 prout
430 3191 492 3234 res
507 3169 735 3254 postulaverit,
751 3181 895 3249 monete,
910 3172 1084 3236 obsecrate
1099 3181 1132 3238 et
1148 3174 1287 3255 arguite,

177 3289 289 3354 neque
301 3291 359 3336 eos
375 3271 479 3336 latere
494 3272 602 3348 sinite,
612 3279 766 3352 optatam
779 3271 866 3334 hanc
882 3271 1106 3348 concordiam,
1116 3280 1286 3337 tantorum

175 3382 353 3458 parentem
369 3383 403 3438 et
418 3373 569 3437 altricem
587 3373 761 3450 bonorum,
777 3373 849 3436 sine
864 3373 958 3456 gravi
988 3372 1122 3456 piaculo
1148 3393 1287 3459 praepe-

174 3477 241 3542 diri
257 3496 296 3541 ac
311 3476 419 3542 scindi
435 3497 503 3542 non
519 3497 625 3559 posse
638 3476 778 3542 Testem
805 3475 931 3542 interea
953 3486 1114 3560 paternae
1138 3481 1286 3545 caritatis

175 3578 324 3646 Nostrae
353 3580 588 3666 Apostolicam
619 3579 888 3646 benedictionem
919 3580 1050 3659 habete,
1079 3601 1180 3665 quam
1215 3585 1286 3667 tibi,

173 3685 300 3750 dilecte
330 3685 377 3750 tili
408 3685 541 3763 Noster,
556 3684 705 3768 aliisque,
736 3686 792 3769 qui
811 3685 1052 3770 Hispanarium
1076 3685 1285 3754 dioecesibus

172 3799 346 3874 praesunt,
373 3789 538 3872 simulque
568 3789 657 3854 clero
681 3797 716 3854 et
746 3787 899 3852 fidelibus
931 3788 1125 3871 vigilantiae
1154 3801 1285 3856 vestrae

172 3895 366 3960 commissis
381 3904 593 3977 peramanter
609 3895 827 3977 impertimus.

218 3999 348 4064 Datum
373 3998 503 4062 Romae
529 3998 619 4080 apud
649 3999 681 4063 S.
708 3998 843 4062 Petrum
868 3996 923 4060 die
943 4013 981 4076 19
998 3997 1167 4061 Februarii
1189 3999 1282 4078 1890,

172 4101 396 4167 Pontificatus
413 4101 528 4166 Nostri
541 4121 631 4164 anno
646 4102 855 4166 duodecimo.

887 4253 982 4320 Lao
1007 4257 1069 4322 Pr.
1093 4259 1194 4354 xm.

233 4431 310 4477 Acrn
325 4427 427 4476 Leonis
442 4429 513 4474 x111.
1104 4427 1145 4476 IV.
1160 4453 1188 4463 -
1197 4445 1218 4492 3.
