3362 4944
179 293 231 343 DE
250 291 376 344 FESTIS
397 291 547 344 SAECUL.
571 293 612 342 IN
632 293 821 345 HONOREM
841 296 869 346 S.
886 297 995 348 GREG.
1017 298 1151 350 MAGNI.
1186 301 1254 370 149

1157 409 1256 419 -ι-

148 470 234 534 riam
265 470 441 551 pertinent,
471 489 492 532 a
523 465 676 532 fidelibus
707 469 807 533 recoli
838 469 871 533 in
903 468 1079 554 lucemque
1106 472 1253 555 proferri,

147 583 378 656 opportunum
394 570 495 637 etiam
508 571 628 637 rationi
644 572 967 656 temporum,quibus
984 571 1107 638 firmari
1122 576 1255 640 animos

145 684 283 759 oportet
299 674 439 740 sortibus
455 683 489 740 et
503 674 736 740 constantibus
752 675 927 760 exemplis,
939 695 1000 740 nec
1018 677 1127 743 minus
1143 679 1255 763 digni-

144 780 211 846 tati
235 780 333 844 huius
357 777 448 844 urbis
473 788 736 845 consentaneum
762 779 805 845 de
828 799 869 845 eo
889 780 961 845 viro
985 781 1127 864 gloriari,
1150 802 1252 866 quem

145 891 341 947 nascentem
367 883 510 964 excepit,
526 881 619 946 cuius
646 882 804 947 mortales
828 893 939 948 servat
955 894 988 948 et
1003 883 1083 950 colit
1104 887 1254 966 exuvias,

144 985 242 1048 cuius
257 984 403 1069 supremi
419 985 592 1050 ministerii
609 995 765 1068 paternas
780 1005 876 1050 curas
892 1006 1059 1070 opemque
1073 989 1252 1072 praecipue

144 1096 289 1170 experta
299 1095 359 1164 est,
373 1106 434 1151 nec
449 1107 517 1152 non
532 1088 780 1171 praestantibus
797 1088 830 1152 in
844 1107 913 1153 rem
925 1089 1141 1154 christianam
1155 1092 1253 1156 meri·

143 1191 190 1256 tis
218 1211 343 1256 novum
368 1192 430 1256 sibi
456 1191 619 1256 honorem
645 1201 679 1255 et
702 1193 845 1276 gratiam
873 1195 963 1276 apud
991 1213 1108 1258 omnes
1134 1205 1252 1278 gentes

143 1294 253 1360 sensit
267 1295 451 1360 accessisse.
467 1334 512 1345 -
533 1296 579 1360 Et
594 1298 754 1380 quoniam
775 1296 983 1380 amplissima
999 1307 1050 1362 est
1066 1317 1161 1382 seges
1178 1297 1249 1381 glo·
1280 1283 1431 1401 ἰηὰξξξῆζ

144 1399 217 1462 riae
232 1399 311 1475 eius,
323 1419 344 1463 a
358 1399 471 1463 divina
487 1400 695 1483 benignitate
711 1399 870 1483 proiecta,
885 1420 930 1465 ex
946 1421 1012 1485 qua
1025 1401 1115 1467 bona
1130 1411 1251 1466 cuncta
1280 1401 1329 1446 0⁶0
1358 1399 1431 1446 ‘⁰⁶⁸⁸

144 1501 333 1579 dimanant,
359 1503 596 1586 percommode
622 1523 661 1567 ac
690 1504 808 1569 merito
832 1504 1016 1582 censuistis,
1044 1503 1250 1568 immortales
1279 1460 1432 1588 2⁶22:ss

143 1613 226 1670 ante
251 1606 364 1671 omnia
391 1605 467 1670 Deo
491 1607 615 1690 gratias
642 1607 766 1672 habere
791 1607 848 1690 qui
873 1616 1004 1672 tantam
1029 1609 1187 1672 virtutem
1215 1608 1248 1670 in
1278 1583 1349 1696 ἷῖξὲῗ
1367 1592 1430 1683 ρξζῖ

143 1710 299 1776 Ecclesia
314 1729 374 1773 sua
397 1709 567 1788 excitavit,
592 1731 630 1775 ac
647 1711 730 1775 mira
746 1731 806 1795 per
821 1731 897 1776 eum
914 1731 1016 1794 opera
1038 1721 1072 1776 et
1092 1711 1249 1780 salutaria
1278 1698 1430 1802 may

142 1813 294 1899 perfecit,
319 1813 440 1876 deinde
468 1824 687 1879 monumenta
711 1813 837 1897 ingenii
852 1815 1051 1896 virtutisque
1079 1812 1250 1880 Pontificis
1278 1815 1382 1862 ‘denda-

142 1917 251 1983 incliti
276 1936 451 2000 rerumque
476 1937 561 2000 quas
576 1919 681 2000 gessit
705 1917 973 2001 amplitudinem,
988 1927 1152 2001 quantum
1178 1916 1249 1983 fieri

141 2021 304 2108 potest,in
321 2021 496 2085 doctorum
512 2021 688 2086 hominum
698 2022 918 2087 conventibus
928 2022 1248 2086 commemoratione

141 2136 174 2193 et
191 2126 371 2210 praeconio
386 2125 563 2208 complecti
577 2145 656 2204 ,nec
671 2126 937 2209 praetermittere
948 2125 1149 2190 immortalia
1164 2125 1247 2189 cari-

140 2231 222 2296 tatis
247 2229 318 2293 eius
334 2228 491 2311 exempla
517 2229 717 2294 caelestibus
741 2228 906 2293 illustrata
933 2229 1103 2312 prodigiis,
1126 2227 1247 2312 quibus

144 2332 352 2399 honorandis
368 2351 434 2396 non
451 2331 579 2397 litteras
596 2333 654 2397 sed
666 2331 755 2398 facta
769 2333 878 2396 verbis
894 2332 1034 2415 potiora,
1049 2332 1143 2414 pium
1160 2332 1246 2398 scili·

145 2447 200 2502 cet
211 2434 361 2501 caritatis
377 2435 512 2519 epulum
529 2435 757 2500 adhibendum
771 2435 857 2498 felici
873 2435 1014 2500 consilio
1029 2435 1248 2500 statuistis.—

140 2538 249 2605 Macti
262 2537 363 2622 igitur
375 2545 481 2604 estote
496 2539 667 2622 praeclaro
683 2539 817 2623 pietatis
833 2539 946 2603 studio
961 2557 1030 2620 quo
1046 2537 1158 2603 affecti
1168 2551 1247 2605 sunt

140 2643 246 2709 animi
273 2643 382 2720 vestri,
408 2652 509 2726 atque
525 2643 646 2708 efficite
672 2651 709 2708 ut
725 2642 811 2707 sicut
837 2643 880 2706 ad
906 2642 1048 2725 gloriam
1076 2643 1246 2709 Pontificis

142 2745 262 2830 Magni
277 2765 378 2829 quem
395 2747 513 2825 colitis,
527 2747 575 2812 ita
585 2747 686 2812 etiam
703 2747 746 2812 ad
757 2746 937 2811 utilitatem
954 2756 989 2811 et
1003 2747 1244 2812 documentum
1309 2778 1368 2836 Qua
1382 2781 1423 2836 po

141 2849 263 2915 aetatis
278 2858 413 2914 nostrae
435 2868 487 2912 res
502 2849 546 2914 ab
562 2848 619 2914 illo
645 2859 769 2933 gestae,
784 2850 1104 2913 commemoratione
1128 2859 1236 2912 vestra
1272 2840 1399 2897 “mium

1240 2901 1246 2926 r
1268 2899 1383 2954 prasenti

140 2952 349 3019 reviviscant.
377 2953 471 3018 Nihil
496 2953 585 3018 enirn
610 2973 695 3017 aevo
720 2962 837 3018 nostro
861 2952 975 3018 utilius
1002 2964 1036 3017 et
1059 2952 1245 3030 salutarius,
1271 2956 1420 3061 {hii-'td

140 3057 287 3142 quamsi
310 3077 355 3121 ex
372 3057 488 3140 Magni
505 3053 657 3140 Gregorii
674 3055 808 3120 saeculo
826 3056 1067 3121 documentum
1084 3057 1245 3138 capiatur,
1270 3022 1328 3126 ηὗρ’,
1341 3029 1422 3133 'perd

139 3169 305 3247 quantum
321 3159 434 3224 divina
450 3158 622 3225 Ecclesiae
637 3160 740 3224 virtus
759 3158 884 3242 polleat
896 3159 1035 3243 privatis
1047 3179 1085 3222 ac
1102 3157 1243 3243 publicis
1269 3133 1328 3178 “¹²²¹“
1338 3139 1418 3181 mm·

139 3271 237 3339 malis
263 3271 316 3336 vel
331 3271 520 3336 avertendis
547 3271 599 3336 vel
622 3271 791 3348 sanandis,
817 3269 874 3334 ubi
891 3271 965 3352 ipsa
990 3279 1094 3353 queat
1119 3268 1242 3333 amotis

138 3375 389 3461 impedimentis
414 3396 509 3441 suam
534 3396 635 3461 opem
663 3395 741 3458 erga
764 3375 917 3439 homines
933 3394 1097 3452 exercere,
1114 3383 1148 3438 et
1174 3393 1242 3456 quo

139 3480 247 3564 magis
258 3478 434 3544 silentibus
450 3480 484 3544 in
501 3500 574 3545 eam
591 3479 728 3545 infensis
743 3478 870 3555 studiis,
894 3479 1014 3543 rationi
1031 3490 1065 3542 et
1081 3477 1243 3561 aequitati

138 3585 336 3670 relinquitur
366 3585 468 3660 locus,
494 3605 534 3650 eo
565 3584 672 3667 magis
702 3581 945 3666 tranquillitati,
974 3581 1177 3646 humanitati
1208 3591 1242 3646 et

136 3689 301 3754 laustitati
311 3689 484 3753 civitatum
496 3698 531 3753 et
542 3687 756 3772 imperiorum
767 3687 956 3751 consultum
968 3705 1048 3750 esse.
1061 3685 1140 3749 Non
1151 3683 1241 3749 enim

136 3812 214 3856 cum
231 3792 360 3855 mundo
376 3801 409 3856 et
424 3791 588 3875 sapientia
603 3788 735 3867 saeculi,
751 3790 810 3853 sed
826 3809 902 3854 cum
914 3787 1066 3852 Ecclesia
1082 3787 1239 3853 columna

136 3906 170 3962 et
194 3895 408 3961 firmamento
434 3895 582 3960 veritatis
608 3904 660 3959 est
676 3893 838 3972 Christus,
863 3894 1014 3959 omnium
1038 3892 1241 3957 instaurator

135 4001 207 4066 sive
221 4020 309 4084 quae
324 4001 358 4064 in
385 3999 486 4064 caelis
501 4000 570 4065 sive
586 3999 720 4083 quaein
738 3996 833 4062 terris
849 4006 934 4075 sunt,
949 4015 1052 4079 aquo
1075 3997 1133 4079 qui
1149 3996 1238 4062 defe-

135 4114 253 4170 cerunt
276 4103 358 4188 quid
385 4103 519 4169 valeant
546 4101 674 4168 efficere
698 4101 802 4166 tristis
828 4119 936 4165 rerum
962 4099 1179 4182 experientia,
1206 4109 1239 4164 et

135 4209 229 4275 labes
253 4228 293 4273 ac
319 4207 522 4273 detrimenta
546 4217 734 4272 nostrorum
761 4215 949 4288 temporum
974 4205 1164 4268 docent-
1179 4203 1236 4268 Ad
1266 4187 1416 4296 sozimi

134 4315 256 4379 horum
284 4311 448 4377 malorum
472 4318 699 4394 conspectum,
725 4308 799 4373 Nos
813 4316 892 4372 vota
919 4307 1045 4372 Nostra
1061 4326 1121 4389 pro
1148 4328 1238 4372 com·
1264 4308 1370 4352 'itm
