3364 4928
411 215 429 262 2
526 212 674 264 LITTER.
694 213 822 264 APOST.
846 200 867 228 ⁸‘
887 211 1071 262 VICARIAM
1091 213 1338 264 POTESTATEM
1357 247 1378 276 ‚‚

405 325 411 331 ι
418 325 662 334 αη--ν-
675 327 832 334 --ῃ-

228 451 326 498 antibus
447 486 454 500 .
641 487 648 500 .
1028 485 1036 500 .
1176 487 1185 502 .
1345 489 1353 502 .
1450 488 1488 504 ..

229 510 330 558 Cardia.
402 505 540 568 egimus,
573 497 609 550 ut
639 507 673 548 rn
704 486 766 550 hac
797 486 878 550 urbe
916 485 1053 549 delectrs
1092 505 1184 570 regni
1212 485 1353 560 Bohemr
1380 487 1507 552 clericis

226 569 379 690 ma„
403 590 615 655 instituendis
653 589 788 673 propria
825 590 1082 654 constitueretur
1130 590 1236 668 sedeS,
1274 601 1376 676 atque
1418 613 1508 657 anno

226 690 375 797 ssffissbl
403 709 680 772 MDcchxxxw,
696 695 739 760 V.
756 695 792 758 F.
804 693 975 758 Franczlrco
990 715 1009 756 e
1026 693 1214 759 Comitibus
1241 697 1280 758 de
1307 695 1509 760 Schoenborn

226 809 264 913 {J
305 821 344 911 ’ᾗ
406 797 576 881 Episcopo
592 797 901 875 Budvicensi,nunc
912 797 945 862 S.
958 797 999 861 R.
1010 797 1050 860 E.
1064 795 1234 862 Cardinali
1245 800 1512 882 Archiepiscopo

345 899 350 917 '
406 901 574 984 Pragensi,
585 921 722 984 operam
739 911 894 977 navante,
905 910 940 965 et
958 901 1128 982 Imperiali
1143 921 1183 964 ac
1200 902 1309 985 Regia
1331 902 1510 967 Maiestate

406 1001 609 1068 FRANCISCI
624 1004 777 1070 IosEPffl
788 1004 947 1069 Austriae
964 1003 1388 1090 Imperatoris,Hungariae
1406 1007 1510 1090 Regis

406 1105 606 1189 Apostolici,
616 1118 650 1171 et
666 1108 851 1172 Bohemiae
867 1108 981 1190 Regis,
992 1128 1054 1190 pro
1063 1109 1180 1171 sedula
1192 1129 1280 1186 cura,
1290 1130 1357 1192 qua
1372 1130 1508 1174 suorum

406 1211 607 1296 populorum
620 1232 718 1276 verae
730 1213 943 1295 prosperitati
954 1211 1076 1287 studet,
1089 1215 1174 1277 votis
1188 1213 1320 1278 Nostris
1333 1223 1511 1288 annuente,

232 1325 358 1386 collegium
407 1316 534 1381 alumni
550 1315 692 1380 Bohemi
713 1318 756 1381 ad
772 1314 951 1381 duodecim
969 1317 1001 1380 in
1018 1317 1274 1382 contubernium
1291 1318 1325 1382 in
1342 1318 1432 1394 urbe,
1447 1317 1513 1399 pri-

233 1387 383 1504 riirlilllpri
409 1429 487 1485 vata
502 1419 535 1483 in
551 1420 654 1483 domo
684 1420 840 1502 primum,
867 1421 1124 1504 convictumque
1150 1422 1355 1500 coaluerunt,
1370 1442 1511 1504 quorum

229 1503 381 1612 ξζζῖοξζῖξ,
410 1544 567 1589 numerus
583 1525 660 1589 iusti
676 1525 798 1589 deinde
813 1544 853 1587 ac
868 1523 1009 1607 legitimi
1026 1525 1158 1608 collegii
1175 1525 1260 1591 foret
1275 1528 1511 1591 rudimentum.

453 1629 520 1696 Sed
537 1630 579 1692 ad
596 1629 683 1692 hanc
712 1649 781 1693 rem
814 1627 896 1692 illud
926 1631 1074 1693 maxime
1089 1631 1248 1695 interesse
1264 1631 1370 1694 visum
1394 1641 1454 1710 est,
1476 1641 1514 1696 ut

408 1732 537 1796 stabilis
553 1733 697 1796 alumnis
718 1742 889 1815 pararetur
915 1733 1045 1810 domus,
1056 1753 1143 1816 quae
1157 1734 1289 1816 collegii
1320 1735 1421 1816 pleno
1444 1734 1514 1799 iure

410 1837 544 1919 propria
559 1847 691 1914 esset,et
701 1837 734 1901 in
751 1835 962 1900 alumnorum
980 1856 1077 1900 usum
1087 1846 1166 1919 apte
1176 1837 1513 1922 comparataQuam-

233 1923 387 2032 ζᾷξξηζξ
410 1942 526 2006 obrem
557 1942 704 2019 aedibus,
729 1961 816 2024 quae
831 1940 873 2003 ad
892 1940 927 2005 S.
937 1940 1133 2004 Franciscae
1146 1941 1320 2005 Romanae
1339 1941 1413 2007 Vico
1436 1942 1515 2007 Six-

234 2057 276 2090 scae
298 2043 385 2112 nmq-
411 2044 480 2108 tino
492 2044 524 2107 in
542 2044 623 2108 urbe
638 2044 767 2126 positae
783 2057 871 2122 sunt,
880 2042 1079 2108 auctoritate
1095 2044 1220 2108 Nostra
1250 2048 1424 2129 coemptis,
1439 2067 1515 2131 pro-

234 2116 272 2150 Μ
335 2115 387 2148 Sim

234 2161 367 2220 sumptibus
412 2150 484 2232 pria
500 2148 659 2213 Bohemis
675 2147 819 2213 alumnis
834 2149 932 2214 sedes
947 2149 1129 2212 constituta
1146 2160 1205 2226 est,
1218 2150 1249 2212 in
1266 2151 1360 2214 cuius
1373 2154 1515 2236 emptio·

236 2221 341 2332 mssa-
413 2273 490 2318 nem
515 2274 559 2317 ex
589 2253 718 2317 aerario
746 2253 874 2318 Nostro
888 2253 1048 2335 octoginta
1077 2265 1311 2336 argenteorum
1327 2255 1513 2320 italicorum

414 2359 521 2422 rrn'llia
533 2357 746 2423 contulimus.

243 2481 284 2545 ,ne
294 2472 389 2544 winsia
458 2461 543 2527 Cum
561 2481 659 2545 porro
674 2461 806 2545 collegii
823 2463 917 2528 initia
933 2483 1091 2544 prospere
1106 2464 1289 2526 admodum
1303 2463 1470 2540 cesserint,
1482 2474 1516 2526 et

234 2539 389 2644 mm.
415 2585 481 2628 non
499 2569 601 2631 modo
613 2568 777 2650 proximis
793 2567 889 2631 annis
905 2567 1115 2630 alumnorum
1133 2586 1291 2631 numerus
1307 2579 1424 2632 auctus
1448 2565 1517 2631 iuc-

238 2651 390 2758 fflffim
417 2669 468 2747 rit,
488 2671 546 2732 sed
564 2671 666 2733 etiam
682 2670 817 2753 egregia
832 2669 1009 2733 initialium
1026 2669 1182 2733 voluntas
1202 2689 1384 2753 eorumque
1409 2670 1440 2732 in
1458 2672 1518 2733 do·

238 2769 391 2882 magi*
417 2777 523 2842 ctrina
538 2789 572 2841 et
587 2779 709 2842 virtute
724 2797 926 2860 progressus,
942 2797 1036 2860 spem
1063 2775 1192 2840 firmam
1209 2777 1391 2853 iniecerint,
1406 2776 1520 2859 ampla

417 2903 461 2946 ex
477 2901 590 2966 eorum
607 2881 817 2945 institutione
831 2882 1011 2944 commoda
1025 2880 1234 2945 dioecesibus
1249 2879 1431 2945 Bohemiae
1447 2897 1520 2941 esse

416 2984 610 3061 obventura,
619 3003 733 3066 preces
749 2983 791 3047 ad
809 2983 882 3046 Nos
896 2984 1028 3047 delatae
1045 2991 1131 3054 sunt,
1145 2991 1180 3045 ut
1204 2984 1314 3047 coetui
1330 2982 1372 3046 de
1388 3000 1456 3063 quo
1472 2979 1519 3043 lo·

417 3087 552 3171 quimur
566 3087 758 3151 clericorum
772 3087 997 3151 Bohemorum
1014 3088 1048 3152 in
1065 3086 1146 3150 urbe
1169 3087 1362 3163 constituto,
1377 3085 1518 3167 legitimi

416 3191 548 3274 collegii
560 3191 611 3254 ius
623 3191 820 3255 auctoritate
831 3190 956 3255 Nostra
968 3191 1111 3255 tribuere
1123 3189 1294 3256 vellemus.

281 390 376 438 auxus·-
403 381 444 446 R.
462 381 498 446 E.
515 381 685 447 Cardinali
703 381 967 464 Archiepiscopo
985 383 1142 464 Pragensi
1164 383 1300 448 illustris
1326 385 1507 448 memoriae
1618 408 1621 417 ·

281 3314 393 3361 canonice
463 3295 535 3358 Nos
558 3295 671 3378 itaque
701 3314 892 3377 supremum
918 3291 1088 3378 fastigium
1115 3294 1207 3378 operi
1233 3294 1413 3378 imponere,
1428 3293 1521 3356 cuius
1626 3328 1628 3331 -

241 3381 323 3436 ‘'⁸³¹“
419 3399 620 3482 suscipiendi
636 3408 788 3463 auctores
805 3399 937 3476 luimus,
951 3409 1178 3481 opportunum
1206 3400 1280 3476 rati,
1302 3398 1521 3480 precibusque

419 3503 461 3566 ad
480 3502 551 3566 Nos
567 3501 676 3565 allatis
692 3500 832 3566 libenter
847 3511 1041 3579 annuentes,
1057 3502 1147 3566 hisce
1162 3502 1280 3566 litteris
1292 3503 1334 3565 ad
1361 3501 1520 3564 maiorem

420 3607 484 3672 Dei
500 3606 651 3690 gloriam,
666 3608 709 3670 ad
726 3607 966 3671 incrementum
977 3606 1161 3671 catholicae
1173 3606 1350 3691 religionis,
1361 3606 1403 3668 ad
1419 3606 1522 3668 decus

420 3711 664 3795 utilitatemque
679 3710 783 3774 incliti
800 3709 982 3776 Bohemiae
999 3711 1108 3792 Regni
1124 3711 1300 3794 collegium
1328 3710 1521 3774 clericorum

421 3816 645 3880 Bohemorum
663 3815 695 3878 in
715 3817 804 3894 urbe,
814 3815 905 3897 quod
920 3815 963 3878 ad
982 3815 1015 3880 S.
1033 3813 1230 3878 Franciscae
1246 3815 1421 3878 Romanae
1437 3814 1523 3877 Vico

422 3920 558 3985 Sixtino
574 3920 688 3983 sedern
704 3918 815 3996 habet,
838 3921 1000 3982 canonica
1030 3919 1250 3998 institutione,
1265 3920 1328 3982 sub
1345 3919 1469 3982 Nostra
1492 3931 1525 3982 et

420 4041 648 4086 successorum
681 4021 880 4087 Nostrorum
911 4023 1108 4086 auctoritate
1139 4021 1326 4100 fundamus,
1352 4022 1524 4085 constitui·

423 4145 505 4203 mus,
520 4125 706 4208 eodemque
723 4127 791 4190 iure
807 4147 879 4189 esse
895 4127 1058 4204 volumus,
1069 4146 1137 4209 quo
1149 4125 1319 4209 pontificia
1328 4125 1520 4190 clericorum

422 4229 563 4312 collegia
577 4229 611 4293 in
629 4229 709 4293 urbe
721 4240 809 4308 sunt,
821 4232 863 4294 ad
874 4251 930 4294 eas
945 4230 1035 4312 leges
1045 4250 1131 4313 quae
1143 4230 1228 4294 infra
1240 4231 1402 4296 dicuntur.
