3354 4938
270 1606 342 1693 Meli?
347 1653 394 1695 TI!

293 1703 359 1762 1891.

288 1813 405 1873 Pontifex

250 1873 345 1932 gaudia
358 1887 403 1919 sua

254 1933 375 1978 doloribus

252 1991 332 2037 mixto
372 1998 403 2037 te-

251 2055 340 2096 statur.

824 326 1144 503 EEISEOLll

435 622 441 625 =
503 583 551 644 ad
574 581 813 645 cardinalem
840 579 1082 640 Fredericum
1109 568 1372 656 Firrstenberg,
1394 583 1468 640 Ar-
1501 535 1509 626 ἷ

503 715 677 788 chlepisc.
689 716 994 787 olumucensem‚
1008 717 1046 771 et
1062 713 1305 772 Franciscum
1319 727 1342 771 a
1354 714 1469 773 Paula

503 839 737 914 Schdnhorn,
760 837 989 911 archiepisc.
1021 837 1255 912 pragensem,
1283 841 1321 895 et
1348 849 1469 896 vena·
1501 840 1525 929 ξ,

441 1072 448 1084 ’
885 1083 1082 1142 Austriacl.

502 1213 1467 1290 osoureusnaucapmmusconcnsssm

461 1318 469 1333 '
611 1345 917 1406 anmsnrruu
940 1346 1352 1409 conmsunnums
1502 1334 1509 1347 ‘

619 1614 652 1678 Ν
668 1612 742 1696 ipso
757 1613 903 1698 supremi
921 1610 1149 1691 Pontificatus,
1161 1632 1229 1696 quo
1244 1613 1424 1697 providens
1441 1615 1536 1680 Dcus

505 1726 541 1874 Ι
640 1719 713 1783 Nos
727 1719 832 1797 auxit,
847 1718 997 1796 exordio,
1009 1717 1258 1782 universitatem
1270 1717 1427 1784 catholici
1443 1717 1536 1784 orbis

640 1831 847 1899 contuentes,
861 1820 1041 1886 habuimus
1052 1821 1208 1905 equidem
1222 1821 1315 1905 quod
1331 1820 1533 1886 laetaremur

640 1934 710 1990 tam
737 1924 844 1990 multa
869 1944 941 1988 esse
960 1933 1098 2007 tamque
1120 1925 1254 2008 egregia
1277 1924 1420 1990 inomni
1445 1934 1536 1991 recte

429 2027 591 2094 laetorum
606 2047 729 2112 genere
745 2028 798 2093 vel
813 2028 925 2093 studia
940 2026 992 2093 vel
1008 2047 1120 2110 opera,
1131 2028 1165 2092 in
1188 2047 1283 2112 quae,
1297 2026 1373 2092 Deo
1388 2029 1535 2106 iuvante,

427 2133 510 2198 sacri
533 2141 684 2215 pastores
700 2142 735 2197 et
750 2143 889 2216 uterque
915 2131 1023 2198 clems
1038 2129 1221 2214 fidelesque
1246 2129 1399 2196 homines
1416 2132 1535 2198 sedulo

306 2307 310 2316 ,
427 2235 681 2302 incumberent:
712 2256 821 2320 neque
847 2247 960 2301 tamen
986 2236 1058 2300 sine
1084 2236 1204 2300 acerba
1231 2234 1294 2300 luit
1322 2236 1534 2318 aegritudine

280 2765 364 2812 Descn
360 2767 403 2813 'ibt

250 2823 380 2956 {nemppe
377 2892 401 2932 et

251 2944 317 3012 mela
345 2945 371 2991 ιἰι
374 2947 401 2991 rie

249 3001 306 3048 oriu
290 3003 364 3051 muna

427 2342 644 2424 conspexisse
672 2340 841 2407 Ecclesiae
856 2342 981 2419 hostes,
1004 2341 1152 2424 pessimo
1180 2339 1314 2405 loedere
1329 2340 1534 2418 coniuratos.

427 2443 536 2506 moliri
563 2463 602 2509 ac
628 2452 758 2509 tentare
779 2444 902 2522 omnia,
929 2453 966 2510 ut
991 2442 1189 2509 admirabile
1215 2444 1304 2508 istud
1331 2441 1534 2528 aedificium,

426 2549 516 2630 quod
533 2547 685 2631 perfugio
700 2549 838 2614 humani
854 2549 984 2631 generis
1007 2547 1080 2632 ipse
1099 2547 1223 2613 extulit
1239 2549 1341 2626 Deus,
1362 2548 1532 2613 convelle·

426 2659 499 2714 rent
515 2660 616 2733 atque
631 2651 726 2729 adeo,
740 2669 767 2714 sr
759 2649 853 2715 fieri
865 2660 989 2734 posset,
1009 2651 1251 2716 exscinderent.
1262 2686 1306 2699 -
1319 2647 1415 2732 Quae
1431 2650 1532 2716 nimi-

426 2773 499 2818 rum
527 2753 626 2838 longe
650 2753 817 2839 lateque
807 2773 840 2819 m
866 2755 1052 2819 Ecclesiam
1078 2753 1202 2821 Christi
1227 2755 1322 2819 ardet
1345 2753 1529 2829 dimicatio,

426 2857 488 2922 etsi
502 2858 601 2922 variIs
617 2877 678 2942 pro
692 2858 853 2925 varietate
865 2858 1013 2925 locorum
1026 2858 1154 2922 artibus
1165 2858 1333 2942 armisque
1343 2867 1528 2936 exercetur,

424 2961 511 3026 hanc
541 2962 677 3028 demum
708 2981 810 3026 unam
850 2962 953 3027 habet
982 2962 1204 3046 eamdemque
1244 2961 1409 3025 rationem
1447 2961 1528 3026 belli

424 3067 687 3151 praescriptam
712 3086 733 3131 a
763 3066 907 3144 familiis,
936 3065 1112 3144 ascholis,
1141 3085 1162 3130 a
1194 3065 1332 3150 legibus,
1363 3065 1408 3129 ab
1432 3065 1527 3129 insti·

425 3170 506 3233 tutis
534 3171 676 3254 vestigia
706 3169 875 3253 religionis
904 3169 1014 3235 delere
1050 3169 1174 3247 omnia,
1199 3167 1384 3233 Ecclesiam
1415 3168 1525 3252 ipsam

424 3270 638 3339 facultatibus
653 3275 721 3339 suis
737 3283 771 3338 et
791 3275 913 3356 insigni
933 3293 1000 3357 qua
1015 3273 1120 3358 pollet
1136 3273 1169 3336 in
1193 3291 1372 3338 commune
1396 3273 1525 3337 bonum

422 3375 545 3441 virtute
560 3376 710 3459 spoliare,
722 3376 1037 3459 perniciosissimam
1049 3395 1196 3442 errorum
1213 3384 1342 3460 pestem
1358 3375 1393 3438 in
1405 3393 1525 3439 omnes

419 3498 525 3570 ¹venas
548 3474 753 3545 domesticae
776 3480 949 3564 civilisque
969 3480 1222 3546 communitatis
1249 3478 1433 3545 infundere.
1464 3479 1526 3544 Ab

422 3583 619 3649 adversariis
634 3585 701 3649 iarn
717 3583 799 3648 nihil
816 3593 1038 3667 temperatum
1055 3594 1115 3663 est,
1138 3583 1269 3649 infinita
1283 3583 1442 3663 licenti&
1463 3585 1523 3666 qui

420 3688 555 3774 plurimi
570 3706 727 3770 acresque
743 3687 777 3750 in
793 3687 874 3764 iura,
900 3687 1099 3765 libertatem,
1123 3686 1324 3770 dignitatem
1342 3686 1525 3770 Ecclesiae,

418 3795 452 3858 in
470 3791 656 3875 Episcopos
677 3809 861 3874 omnesque
875 3789 954 3854 cleri
972 3790 1114 3869 ordines,
1138 3790 1172 3854 in
1189 3789 1423 3856 auctoritatem
1452 3809 1524 3853 ma·

418 3896 511 3962 xime
527 3905 560 3960 et
575 3894 799 3979 principatum
815 3895 944 3960 romani
960 3892 1131 3959 Pontificis
1148 3896 1348 3960 invaserunt.
1366 3894 1424 3959 Ex
1447 3904 1524 3958 tan-

418 4001 462 4066 tis
491 4000 658 4065 catholico
685 3999 812 4063 nomini
839 3999 966 4063 iniuriis
1007 3999 1119 4079 illatis,
1149 3999 1255 4064 multa
1292 4000 1326 4063 in
1364 3998 1523 4064 nationes

418 4101 634 4186 ingentiaque
643 4102 732 4168 mala
740 4102 972 4184 profluxerunt
982 4112 1016 4166 et
1028 4101 1261 4185 profluuntzin
1272 4101 1313 4166 iis
1325 4089 1524 4180 dolendum,

419 4214 457 4269 ut
471 4215 584 4290 serpat
611 4206 710 4271 latius
725 4206 920 4290 opinionum
941 4206 1147 4290 perversitas,
1170 4205 1376 4290 comitesque
1391 4205 1522 4289 impro-

418 4309 506 4373 bitas
532 4316 566 4374 et
581 4309 702 4374 seditio
717 4310 852 4392 spiritus
879 4309 1009 4386 tollant,
1035 4318 1136 4392 atque
1151 4309 1230 4374 inde
1256 4309 1354 4375 rebus
1374 4309 1524 4393 publicis
