3364 4928
371 1058 556 1146 IRlFICE
571 1080 728 1147 delectati
744 1101 860 1148 sumus
876 1082 996 1148 litteris
1011 1104 1095 1168 quas
1105 1085 1281 1152 adiunctas
1365 1121 1396 1163 η

210 1137 328 1390 Μ
392 1182 513 1248 misisti
547 1185 700 1262 orationi,
719 1185 812 1270 gravi
828 1205 910 1251 sane
931 1196 965 1253 et
981 1186 1194 1268 flexanimae,
1213 1210 1280 1275 qua
1337 1169 1430 1280 ’,ῑέξὲ

393 1286 449 1352 die
461 1285 566 1352 natali
583 1287 774 1374 Principum
786 1288 1030 1374 Apostolorum
1046 1291 1280 1378 alloquutuses
1348 1325 1460 1376 Lm,

393 1390 678 1456 missionariorum
706 1391 955 1476 Algeriensium
982 1414 1115 1479 agmen,
1130 1398 1221 1482 quod
1245 1398 1278 1464 in
1301 1389 1460 1510 ἷζᾞψ

174 1497 356 1582 penitiores
368 1493 504 1560 Africae
515 1504 628 1577 partes
643 1505 715 1560 erat
730 1494 968 1580 profecturum.
985 1498 1038 1563 Eo
1062 1500 1197 1565 suavius
1220 1519 1279 1566 au·
1305 1507 1391 1578 aaran
1411 1508 1458 1556 ΑΙ-

172 1613 243 1668 tem
270 1619 310 1666 ea
339 1598 520 1681 scriptione
548 1595 661 1664 affecti
679 1617 795 1664 sumus
818 1619 886 1683 quo
919 1601 1040 1668 clarius
1063 1603 1213 1688 liquebat
1243 1605 1278 1670 in
1302 1581 1459 1686 miffar·

174 1704 293 1772 melius
308 1703 475 1787 progredi,
489 1702 567 1768 licet
583 1703 670 1768 inter
682 1721 822 1787 magnas
838 1705 1035 1787 asperitates
1051 1727 1171 1787 rerum,
1194 1729 1280 1794 opus
1306 1691 1459 1794 2²3⁸er
1572 1755 1577 1766 ·

172 1829 288 1874 eorum
304 1808 363 1891 qui
378 1805 576 1872 humaniore
591 1805 683 1872 cultu
709 1806 846 1873 Africae
875 1818 994 1892 gentes
1022 1811 1175 1894 expolire
1198 1833 1279 1880 con-

172 1915 345 1992 tendunt;
381 1912 471 1994 quod
496 1929 590 1994 opus,
608 1929 669 1974 ceu
700 1911 806 1994 probe
843 1913 941 1990 nosti,
969 1914 1130 1998 singulari
1167 1917 1281 1984 favore

170 2015 427 2100 complectimur
455 2022 490 2078 et
512 2013 620 2098 parati
647 2033 763 2080 sumus
788 2015 947 2080 adiuvare
973 2037 1034 2099 pro
1072 2019 1206 2089 viribus.
1236 2059 1280 2072 -

175 2121 291 2204 Quare
305 2118 466 2202 plurimas
489 2117 652 2183 habemus
666 2120 793 2202 gratias
810 2120 1042 2203 providentiae
1065 2126 1190 2189 summi
1206 2125 1282 2207 Dei,

174 2242 358 2310 quaecum
385 2223 619 2308 magnanimos
640 2223 768 2289 excitat
807 2225 979 2308 lectosque
1000 2226 1099 2306 viros,
1128 2227 1185 2311 qui
1208 2248 1281 2294 sese

174 2329 253 2395 huic
269 2327 373 2393 nobili
389 2327 483 2412 operi
498 2325 670 2406 addicunt,
688 2335 760 2392 tum
782 2330 977 2412 evangelico
999 2349 1114 2395 eorum
1132 2331 1281 2400 ministe-

175 2435 227 2498 rio
239 2433 398 2499 virtutem
414 2432 473 2496 dat
489 2439 524 2496 et
537 2430 744 2498 incrementa
753 2452 830 2498 cum
843 2433 931 2499 laeta
943 2434 1108 2500 fructuum
1119 2435 1280 2503 ubertate.

174 2573 218 2588 -
234 2535 382 2602 illustria
394 2534 494 2618 plane
502 2543 538 2599 et
552 2534 669 2600 auditu
693 2535 838 2601 iucunda
863 2546 943 2603 sunt
957 2537 1040 2604 haec
1057 2539 1282 2606 missionario·
1308 2541 1461 2663 mm!

176 2661 250 2706 rum
270 2639 392 2717 studia,
407 2639 466 2724 qui
480 2639 670 2721 primaevos
686 2640 851 2724 evangelii
875 2661 1057 2726 praecones
1072 2643 1281 2711 aemulantes
1306 2662 1382 2715 veros.
1402 2675 1459 2732 ‚neq-

175 2755 290 2830 petere
317 2745 465 2830 gestiunt
497 2741 663 2808 interioris
695 2743 832 2810 Africae
865 2745 1012 2812 latebras
1041 2749 1282 2834 inexploratae,
1303 2735 1354 2840 22⁸
1363 2726 1459 2826 mi.

173 2849 270 2934 queis
284 2846 376 2912 nulla
391 2846 452 2912 lux
467 2845 578 2911 adhuc
593 2843 727 2925 affulsit,
739 2856 776 2913 ut
791 2867 849 2912 eas
872 2847 1069 2916 collustrent
1084 2853 1211 2919 lumine
1231 2874 1280 2918 re·
1305 2837 1459 2946 ssssjssf‘s‘·

172 2951 352 3018 velationis
367 2951 494 3034 gloriae
507 2950 596 3016 lesu
610 2949 770 3016 CHRISTI
785 2973 794 3032 ;
808 2963 861 3017 ast
877 2951 959 3017 illud
983 2954 1159 3021 iucundius
1189 2959 1280 3040 quod

173 3057 347 3147 Principes
373 3055 588 3120 barbararum
605 3055 757 3138 gentium
773 3066 930 3140 prompte
946 3055 1047 3123 lidem
1063 3059 1279 3126 christianam

172 3159 329 3245 amplexi
354 3158 523 3244 supplices
538 3167 679 3242 poscant
703 3159 886 3224 auctiorem
912 3161 1139 3243 operariorum
1164 3182 1280 3228 nume-

174 3285 260 3344 rum,
287 3284 357 3348 quo
385 3263 526 3328 celerius
556 3261 589 3326 in
616 3262 686 3328 suis
711 3261 905 3346 regionibus
919 3273 1125 3348 propagetur
1140 3283 1280 3349 regnum

174 3371 249 3436 Dei.
264 3407 308 3420 -
324 3371 417 3434 Dum
432 3367 560 3433 veroin
584 3367 675 3434 hisce
691 3368 826 3433 divinae
855 3369 1088 3452 prouidentiae
1102 3369 1281 3436 benefacta
1312 3442 1318 3454 ,
1359 3381 1460 3430 Laudat

172 3473 464 3557 agnoscimus,non
476 3474 587 3536 minus
602 3470 694 3536 illam
708 3472 869 3537 miramur
878 3473 912 3536 in
928 3472 1280 3556 eostudioquorecto-
1306 3449 1407 3548 {fiis
1404 3457 1458 3548 ,221

173 3597 226 3642 res
241 3574 452 3660 populorum,
466 3574 523 3658 qui
538 3573 572 3637 in
603 3573 742 3657 Europa
757 3583 845 3652 sunt,
860 3574 991 3653 validis,
1011 3575 1133 3659 quibus
1152 3578 1281 3662 pollent
1306 3561 1460 3674 me.

172 3681 306 3760 viribus,
338 3679 558 3744 humanitatis
580 3696 734 3744 caussam
749 3679 835 3744 tucri
863 3680 1074 3746 contendunt
1100 3680 1134 3744 in
1155 3680 1281 3748 Africa

176 3785 313 3867 insigne
327 3782 427 3847 huius
448 3781 551 3846 studii
568 3791 805 3866 argumentum
832 3783 988 3866 praebuit
1012 3783 1172 3847 solemnis
1202 3803 1281 3848 con-

171 3900 293 3956 ventus
317 3905 423 3970 nuper
439 3884 608 3952 Bruxellis
622 3883 758 3952 habitus
783 3885 816 3950 in
845 3905 914 3970 quo
933 3885 1035 3950 iidem
1055 3894 1200 3951 rectores
1222 3907 1283 3970 per

172 3993 303 4076 legatos
314 4007 394 4054 suos
408 4008 547 4054 caussae
563 3986 715 4066 illius,cui
732 3988 883 4055 lavemus
904 3997 1091 4074 tantopere,
1106 4007 1283 4072 suscepere

172 4095 406 4182 patrocinium.
423 4093 476 4157 Ibi
492 4093 584 4158 enim
599 4111 734 4158 summo
746 4093 940 4158 coeuntium
964 4112 1130 4158 consensu
1147 4113 1187 4159 ea
1203 4105 1282 4162 sunt

172 4197 358 4267 constituta
372 4215 459 4280 quae
477 4197 627 4264 maxime
648 4195 799 4262 conferre
823 4196 1026 4263 videbantur
1055 4197 1099 4264 ad
1130 4208 1283 4266 averten-

173 4304 254 4370 dam
270 4301 462 4387 perniciem,
470 4319 557 4384 quac
573 4299 710 4366 Africae
720 4299 860 4367 infertur
874 4320 919 4365 ex
937 4301 1282 4387 cupiditatecomplu·

234 4447 312 4495 Acrn
328 4443 430 4493 Leours
446 4445 518 4493 xIli.
1137 4447 1253 4510 1v‚-5
