3354 4938
237 433 280 478 ΙΧ
296 433 354 479 Kal.

247 492 266 540 J
269 491 340 532 ULII

258 542 324 602 1891.

276 3462 373 3507 Gundu-

222 3523 349 3568 laxarensi

221 3581 349 3641 Arctiepu

221 3646 286 3698 scopo
311 3655 374 3687 exse·

222 3699 322 3757 quenda

224 3758 343 3804 mandun-

223 3824 272 3863 tur.

400 254 471 324 242
595 249 743 302 maran.
763 248 891 303 nrosr.
914 235 935 267 “
954 249 1070 302 iacun
1089 251 1131 304 ru
1150 251 1279 305 arruns
1297 286 1319 316 „

398 437 529 494 servata
555 437 590 494 et
612 426 797 510 adimpleta
814 447 883 492 non
901 426 1033 506 fuerint,
1055 437 1115 494 aut
1137 448 1183 494 ex
1209 449 1422 513 quocumque
1438 429 1510 494 alio

397 534 515 617 capite,
527 533 639 600 colore
653 541 713 597 aut
728 541 916 615 praetextu,
931 532 1038 598 aliave
1053 533 1183 599 ratione
1194 534 1247 598 vel
1263 553 1391 612 caussa,
1399 533 1505 600 etiam

397 636 456 703 tali
470 657 558 721 quae
588 638 631 708 ad
662 633 819 701 effectum
845 635 1026 701 soliditatis
1049 637 1244 702 earumdem
1274 637 1505 721 praesentium

397 739 583 806 necessario
598 738 684 804 foret
700 738 933 822 exprimenda,
949 741 1068 818 notari,
1095 738 1295 822 impugnari,
1320 738 1508 817 invalidari,

395 845 430 908 in
443 845 494 909 ius
506 843 558 909 vel
567 842 829 909 controversiam
843 842 966 919 vocari,
978 850 1037 906 aut
1047 841 1091 906 ad
1106 842 1196 906 viam
1207 851 1242 907 et
1253 843 1415 906 terminos
1424 841 1509 906 iuris

394 949 519 1026 reduci,
534 965 592 1012 seu
608 947 768 1012 adversus
786 946 862 1010 illas
872 947 1108 1031 quodcumque
1118 946 1198 1016 iuris
1214 946 1266 1010 vel
1277 945 1420 1024 facti‚vel
1429 967 1509 1030 gra·

395 1054 463 1118 tiae
478 1061 537 1118 aut
552 1051 698 1116 iustitiae
711 1048 896 1114 remedium
921 1049 1101 1132 impetrari,
1125 1049 1177 1114 vel
1193 1049 1296 1114 etiam
1313 1058 1407 1113 motu
1431 1050 1507 1132 pari

396 1173 555 1218 concesso
571 1162 605 1218 et
620 1153 809 1235 impetrato,
824 1153 1018 1237 quempiam
1047 1153 1095 1218 uti
1111 1172 1169 1218 seu
1182 1173 1218 1217 se
1236 1153 1341 1217 iuvari
1353 1173 1452 1236 posse
1469 1153 1506 1216 in

397 1259 520 1324 iudicio
546 1268 581 1322 et
595 1265 693 1322 extra
709 1257 800 1333 illud,
816 1276 856 1320 ac
871 1256 1008 1320 easdem
1026 1265 1219 1339 praesentes
1245 1257 1308 1322 sub
1330 1256 1508 1340 quibusvis

396 1362 556 1428 similium
583 1361 635 1427 vel
661 1360 875 1426 dissimilium
903 1362 1087 1444 gratiarum
1125 1361 1402 1437 revocationibus,
1432 1380 1508 1424 sus·

395 1468 621 1554 pensionibus,
632 1466 897 1543 limitationibus,
914 1465 1195 1550 derogationibus
1210 1475 1269 1532 aut
1283 1464 1358 1530 aliis
1373 1473 1510 1530 contra-

395 1573 452 1638 riis
462 1571 738 1656 dispositionibus
748 1591 806 1654 per
820 1570 1195 1653 quascumquelitteras
1205 1578 1239 1635 et
1248 1570 1510 1634 constitutiones

394 1673 612 1759 Apostolicas
627 1682 686 1736 aut
701 1673 920 1738 cancellariae
938 1672 1159 1757 Apostolicae
1176 1673 1308 1756 regulas
1327 1673 1437 1736 editas
1452 1671 1508 1738 vel

395 1779 543 1844 edendas
559 1777 697 1842 minime
712 1778 951 1860 comprehendi
970 1777 1023 1840 vel
1034 1775 1204 1853 confundi,
1216 1797 1273 1840 seu
1285 1775 1509 1858 comprehen-

394 1903 449 1948 sas
461 1891 519 1946 aut
530 1881 686 1946 confusas
698 1879 767 1944 ullo
779 1881 883 1945 modo
896 1881 1094 1960 censeri,sed
1105 1900 1237 1963 semper
1249 1881 1292 1945 ab
1304 1880 1369 1944 illis
1381 1880 1509 1962 excipi,

395 1996 429 2052 et
438 1986 569 2070 quoties
585 1985 661 2049 illae
677 1985 893 2061 emanabunt,
904 1985 1006 2050 toties
1022 1987 1055 2048 in
1085 1986 1262 2069 pristinum
1278 1994 1312 2049 et
1338 1984 1509 2049 validissi-

396 2111 488 2156 mum
504 2099 630 2155 statum
647 2089 827 2166 restitutas,
851 2091 1014 2172 repositas
1045 2098 1079 2155 et
1102 2090 1250 2173 plenarie
1276 2089 1511 2172 reintegratus,

395 2215 434 2260 ac
464 2196 508 2260 de
535 2214 623 2260 novo
639 2193 740 2258 etiam
771 2193 835 2258 sub
864 2213 1076 2277 quacumque
1093 2194 1267 2276 posteriori
1294 2194 1375 2258 data
1397 2215 1507 2278 quan·

395 2298 585 2381 ducumque
600 2296 754 2380 eligenda
768 2317 942 2361 concessas
956 2317 1029 2360 esse
1046 2307 1080 2361 et
1095 2296 1320 2381 internosque
1335 2297 1509 2379 plenarios

396 2409 431 2465 et
446 2402 593 2484 integros
617 2399 755 2464 effeetus
782 2401 892 2464 sortiri
913 2410 948 2464 et
965 2401 1117 2465 obtinere
1138 2408 1173 2463 et
1195 2401 1242 2464 ita
1272 2399 1316 2464 ab
1344 2401 1508 2468 omnibus

399 2507 536 2585 censeri,
550 2507 665 2590 sicque
679 2517 714 2571 et
730 2527 797 2570 non
813 2506 896 2570 alias
913 2527 973 2588 per
988 2525 1218 2590 quoscumque
1229 2506 1353 2571 iudices
1368 2505 1509 2572 ordina·

397 2611 463 2675 rios
478 2610 531 2674 vel
544 2609 716 2692 delegatos
731 2611 849 2694 quavis
861 2611 1061 2675 auctoritate
1072 2609 1260 2693 fungentes,
1271 2610 1323 2673 vel
1336 2609 1509 2692 dignitate

398 2713 573 2796 fulgentes,
601 2714 703 2778 etiam
729 2735 920 2778 caussarum
952 2714 1066 2795 palatii
1091 2713 1281 2798 Apostolici
1309 2715 1507 2792 Auditores,

397 2836 437 2881 ac
449 2817 599 2880 eiusdem
616 2815 650 2882 S.
661 2817 701 2880 R.
714 2817 751 2882 E.
769 2816 1078 2895 Cardinales,etiam
1093 2819 1137 2882 de
1153 2817 1255 2882 latere
1270 2817 1507 2900 Legatos,vice

399 2921 548 3005 Legatos
577 2921 755 3004 dictaeque
780 2921 878 2986 Sedis
904 2921 1064 3001 Nuncios,
1095 2921 1228 2987 sublata
1257 2923 1305 2986 eis
1337 2932 1504 2987 eteorum

398 3027 536 3092 cuilibet
559 3026 676 3110 quavis
700 3026 796 3090 aliter
821 3027 990 3090 iudicandi
1006 3036 1040 3092 et
1056 3027 1298 3109 interpretandi
1326 3037 1508 3109 potestate,

399 3131 559 3195 facultate
573 3139 607 3194 et
623 3131 830 3202 auctoritate,
846 3132 984 3195 iudicari
994 3141 1028 3196 et
1043 3130 1174 3197 definiri
1190 3132 1361 3210 deberc,ac
1373 3133 1507 3198 irritum

399 3255 534 3318 quoque
558 3243 592 3297 et
619 3235 727 3311 inane,
743 3236 770 3298 si
787 3254 883 3299 secus
898 3255 999 3319 super
1014 3234 1066 3299 his
1082 3256 1102 3300 a
1117 3255 1287 3320 quoquam
1312 3237 1430 3319 quavis
1447 3258 1510 3303 au·

400 3337 555 3400 ctoritate
570 3336 712 3400 scienter
733 3336 786 3400 vel
810 3339 1004 3420 ignoranter
1019 3341 1197 3423 eontigerit
1209 3341 1376 3404 attentari.

444 3436 610 3520 Quocirca
633 3437 825 3502 Venerabili
855 3439 957 3504 etiam
990 3439 1099 3504 Fratri
1124 3441 1250 3507 Nostro
1282 3443 1383 3506 Petro
1413 3442 1511 3507 Loza

399 3540 562 3606 hodierno
577 3541 843 3627 Archiepiscopo
859 3546 902 3608 de
913 3544 1154 3611 Guadalaxara
1169 3567 1230 3631 per
1245 3549 1334 3630 ipsas
1351 3567 1511 3629 praesen·

398 3651 450 3709 tes
465 3644 706 3708 committimus
721 3655 824 3729 atque
841 3649 1052 3727 mandamus,
1078 3660 1244 3732 quatenus
1271 3652 1343 3733 ipse
1365 3653 1408 3716 ad
1426 3673 1509 3716 exe-

398 3747 594 3830 quutionem
610 3749 868 3830 praemissorum
886 3753 1037 3817 omnium
1054 3763 1088 3818 et
1110 3755 1318 3837 singulorum
1335 3757 1512 3838 procedat,

397 3869 516 3916 omnes
538 3859 573 3915 et
601 3851 751 3933 singulas
781 3854 882 3918 adid
913 3855 942 3918 ei
965 3857 1220 3937 quomodolibet
1244 3860 1450 3924 necessarias
1472 3875 1510 3924 et

396 3963 604 4037 opportunas
617 3953 839 4036 impertiendo
854 3955 1041 4036 facultates,
1058 3959 1106 4024 ita
1121 3962 1224 4026 etiam
1242 3971 1279 4025 ut
1295 3963 1367 4045 ipse
1388 3963 1511 4028 Petrus

396 4056 690 4142 Archiepiscopus,
716 4060 744 4123 si
770 4061 884 4124 omnia
900 4063 1093 4143 supradicta
1117 4065 1355 4148 perseipsum
1380 4069 1509 4150 exequi

398 4179 465 4224 non
481 4161 601 4239 valeat,
616 4161 716 4226 aliam
729 4167 952 4246 personam,in
966 4167 1191 4233 ecclesiastica
1206 4177 1320 4234 tamen
1337 4170 1509 4252 dignitate

398 4265 625 4343 constitutam,
640 4267 747 4350 possit
761 4268 988 4353 subdelegare.
