3364 4928
239 312 246 320 ὑ
277 314 300 319 ιι,
314 311 324 319 b
351 312 360 317 ι.
387 312 392 319 1
425 312 430 318 ι
462 310 465 317 1
499 310 502 317 ⁴
536 310 541 318 k
572 310 578 317 1
609 310 615 319 0
645 312 652 319 ι
684 312 688 319 x
721 312 728 319 Ι»
758 312 760 317 ¹
794 311 799 319 1
821 304 838 319 'L
868 310 872 317 ἱ
905 310 908 317 ¹
942 311 946 317 ¹
978 311 983 319 Ι
1016 312 1020 319 Ι
1053 312 1057 319 ἱ
1089 312 1093 319 ἱ
1116 303 1131 321 ἰ
1153 304 1174 319 1Ι’
1200 313 1206 321 ν
1228 304 1241 319 '⁴
1272 316 1277 319 ι

215 340 322 355 annun
340 328 386 354 ιῗῗῖ
390 338 1256 357 oooooooooooooooooooooooooooooooooooooooooooooooooooooooooooooooooooo

338 421 664 502 mannan
701 417 1148 502 Aporomcms

300 605 366 666 nn
389 605 539 668 rusco
561 606 595 665 S.
620 606 820 674 roseum
845 606 899 667 ru
922 606 1185 667 eustanum

538 771 946 846 REGIONIBUSQUE

392 940 441 999 EI
465 939 717 1001 SUBIECTIS
740 939 1098 1002 RESTITUENDO.

384 1226 461 1292 TSI
478 1227 567 1310 apud
584 1225 825 1291 nobilissimam
842 1224 1079 1290 Lusitanorum
1101 1237 1235 1310 gentem
1252 1231 1295 1294 de
1370 1249 1443 1336 lgm

185 1223 377 1598 {QZ}
405 1329 571 1395 catholica
586 1328 653 1394 fide
667 1329 795 1412 optime
811 1329 964 1394 meritam
981 1349 1075 1393 amor
1097 1339 1131 1394 et
1146 1334 1294 1398 studium
1347 1296 1430 1405 11890.

406 1452 485 1516 erga
501 1432 753 1496 immaculatum
774 1433 942 1516 Deiparae
957 1431 1108 1516 Virginis
1124 1433 1294 1518 Sponsum
1358 1454 1474 1514 Pacisce

405 1547 564 1601 constans
575 1546 677 1619 atque
689 1537 810 1600 ardens
821 1555 954 1620 semper
965 1537 1089 1615 extitit,
1100 1557 1167 1604 non
1181 1559 1296 1605 snmus
1322 1517 1425 1634 {m}
1434 1529 1474 1619 {21

190 1653 303 1706 tamen
332 1641 433 1705 nescii
460 1639 646 1724 encyclicas
667 1639 794 1706 litteras
818 1639 971 1718 Nostrae,
994 1641 1115 1724 quibus
1140 1643 1297 1726 proximo
1323 1633 1475 1740 gam}

194 1766 283 1810 anno
294 1745 438 1810 universi
453 1744 544 1808 orbis
559 1743 757 1809 christianos
771 1744 815 1808 ad
831 1743 1079 1828 implorandum
1095 1745 1297 1811 sanctissimi
1322 1751 1417 1820 Josepar
1437 1753 1475 1820 jn

192 1847 404 1912 Patriarchae
433 1845 655 1930 patrocinium
686 1846 851 1912 cohortati
882 1866 1006 1925 sumus,
1031 1866 1099 1912 non
1131 1849 1299 1913 mediocre
1324 1811 1475 1930 ιιᾶἷῖιτῗῖκ

191 1949 323 2016 illorum
339 1952 457 2033 pietati
477 1952 630 2016 attulisse
652 1951 903 2016 incrementum.
921 1951 961 2014 ld
977 1952 1114 2034 quidem
1130 1953 1300 2034 praeclare
1323 1935 1396 1976 Μ

193 2064 360 2119 testantur
382 2054 434 2118 vel
459 2055 627 2138 supplices
656 2055 796 2132 litterae,
825 2075 909 2138 quas
940 2053 1094 2120 Lusitani
1117 2056 1300 2122 Antistites

193 2178 299 2242 nuper
319 2160 363 2222 ad
381 2158 453 2222 Nos
468 2159 643 2235 dederunt,
657 2167 694 2224 ut
710 2158 766 2236 rei,
780 2177 867 2242 quae
881 2159 1078 2223 iamdudum
1095 2160 1128 2222 in
1149 2179 1301 2223 commu·

192 2264 290 2327 nibus
316 2269 388 2326 crat
414 2261 653 2326 Lusitanorum
681 2263 778 2340 votis,
807 2270 943 2345 optatus
969 2263 1107 2327 tandem
1139 2281 1198 2346 per
1226 2260 1301 2326 Nos

193 2366 306 2432 exitus
322 2365 515 2448 contigeret.
532 2365 645 2450 Quum
663 2366 752 2430 enim
767 2364 813 2430 ob
832 2366 988 2430 adversas
1003 2374 1194 2451 temporum
1210 2367 1301 2430 vices

192 2470 264 2534 dies
280 2469 396 2536 Sancti
413 2469 548 2553 losepbi
576 2471 757 2534 memoriae
783 2469 980 2534 recolendae
994 2490 1088 2534 sacer
1102 2490 1122 2533 e
1137 2469 1299 2536 festorum

193 2593 333 2638 numero
347 2573 438 2656 apud
450 2573 632 2640 Lusitanos
644 2573 795 2638 sublatus
806 2582 903 2652 esset,
918 2573 1049 2655 integra
1063 2593 1144 2638 vero
1159 2582 1193 2637 et
1208 2574 1299 2636 inco·

193 2677 291 2742 lumis
307 2687 457 2742 maneret
473 2678 505 2741 in
522 2696 638 2742 eornm
654 2676 775 2742 animis
790 2677 881 2742 avita
895 2677 1014 2760 pietas,
1029 2677 1111 2742 nihil
1134 2678 1301 2760 optabant

194 2783 311 2866 magis,
321 2802 421 2866 quam
435 2792 472 2847 ut
484 2783 539 2847 ille
555 2783 627 2848 dies
642 2783 685 2848 ad
701 2783 947 2848 observantiam
964 2793 998 2850 et
1014 2785 1141 2850 cultum
1153 2795 1298 2850 veterem

193 2895 410 2952 revocaretur.
421 2885 635 2970 Quapropter
648 2887 801 2952 Lusitani
813 2887 1004 2967 Antistites,
1016 2889 1131 2972 populi
1144 2897 1298 2953 votorum

193 2991 400 3074 interpretes,
421 2991 503 3055 certi
528 2991 662 3056 aliunde
688 2992 899 3075 Praepositos
914 2992 1110 3058 Lusitaniae
1136 2991 1299 3075 gubernio

192 3097 249 3177 pio
262 3093 455 3159 huiusmodi
471 3095 637 3159 desiderio
653 3115 718 3162 non
736 3095 928 3176 obstituros,
942 3115 1139 3162 communes
1165 3095 1208 3158 ad
1226 3095 1299 3159 Nos
1353 3093 1477 3140 Vvfflflt·

1326 3154 1431 3199 tirtitum
1454 3159 1478 3199 et

193 3221 306 3284 preces
323 3201 552 3277 admoverunt,
569 3211 605 3264 ut
617 3202 903 3283 quemadmodum
919 3199 1109 3284 nuperrime
1124 3219 1201 3264 cum
1219 3199 1299 3264 His·
1323 3213 1466 3317 pamm

194 3307 298 3388 panis,
322 3305 443 3389 quibus
471 3306 624 3372 Lusitani
651 3325 719 3372 non
749 3315 828 3372 sunt
857 3305 891 3370 in
920 3305 1082 3372 Sanctum
1115 3304 1297 3389 Iosephum
1324 3331 1393 3383 dam,
1426 3332 1475 3390 [ὅ.

193 3429 306 3473 amore
326 3408 473 3487 secundi,
488 3409 577 3474 diem
595 3411 665 3473 eius
682 3411 862 3475 memoriae
876 3429 1007 3474 sacrum
1033 3407 1065 3471 in
1089 3407 1191 3472 festos
1206 3405 1298 3490 apud
1323 3390 1477 3496 532⁸&ssss

193 3533 250 3578 eos
275 3511 388 3578 referri
413 3513 564 3578 velimus.
587 3513 796 3578 Praeclarum
824 3513 960 3596 quidem
990 3512 1055 3578 hoc
1085 3520 1137 3577 est
1163 3509 1297 3594 pietatis
1324 3508 1477 3579 03·ququ-

192 3614 442 3689 documentum,
468 3613 559 3697 quod
583 3614 626 3679 ad
653 3613 719 3678 alia
734 3623 847 3678 vetera
867 3613 1006 3690 accedit,
1030 3631 1117 3695 quae
1144 3609 1297 3674 Lusitani
1325 3571 1477 3672 limi

196 3715 356 3800 Episcopi
371 3716 480 3781 Nobis
495 3718 566 3782 iure
578 3718 825 3782 commendant.
838 3717 932 3782 Nulli
945 3716 1033 3780 enim
1046 3713 1204 3780 coelitum
1222 3723 1298 3796 post
1322 3685 1477 3804 ¹232}ssss

194 3835 352 3899 magnam
370 3817 435 3881 Dei
451 3827 602 3896 matrem,
616 3837 684 3900 qua
698 3817 767 3882 late
781 3826 874 3900 patet
888 3815 1064 3882 Lusitania
1079 3824 1131 3878 tot
1146 3813 1299 3892 honores,
1325 3804 1476 3916 ssffrfssssj

191 3929 275 4003 quot
290 3920 367 3983 huic
388 3932 505 3988 sancto
531 3922 742 3988 Patriarchae
756 3923 958 4000 tribuuntur,
976 3920 1029 3985 vel
1052 3929 1104 3985 tot
1120 3927 1200 3984 vota
1215 3938 1298 3983 nun·
1325 3924 1406 4026 ’ἐκέκ
1421 3921 1476 3991 ῠσέῑ

190 4035 382 4104 cupantur:
411 4023 607 4090 sodalitates
637 4025 850 4108 quamplures
881 4023 985 4108 ipsius
1015 4032 1049 4087 et
1080 4021 1184 4086 fretae
1221 4031 1299 4086 sunt
1324 3995 1384 4088 line.
1427 3993 1476 4026 Μ’

189 4123 378 4206 patrocinio
393 4135 427 4190 et
450 4127 557 4192 laetae
581 4129 738 4193 nomine:
754 4125 815 4191 viri
829 4125 990 4190 laudabili
1009 4124 1145 4209 pietatis
1160 4142 1300 4190 consue·

189 4227 307 4292 tudine
322 4227 413 4293 diem
430 4231 714 4315 undevigesimam
742 4229 866 4295 mensis
890 4227 1004 4293 Martii
1026 4239 1147 4311 sponte
1163 4227 1302 4310 eligunt,

188 4349 257 4413 qua
283 4331 411 4397 Pascha
435 4343 559 4418 agant:
575 4335 711 4419 opifices
733 4354 813 4399 vero
838 4331 1001 4400 Sanctum
1027 4331 1207 4415 losephum
1231 4332 1301 4396 iure
