1006 1419
246 169 271 182 DE
280 169 423 182 UMVERSITATE
432 168 560 181 FRlEURGl-:NSI
569 168 637 182 Fovmu

176 213 288 235 patrocinium
300 213 404 234 suscepimus
417 212 473 229 studio
485 217 505 228 ac
518 212 635 229 benevolentia

176 240 222 257 Sane
229 240 246 256 in
255 244 275 256 ea
283 239 364 255 mentium
372 238 479 258 obscuritate,
491 243 535 259 quae
547 238 597 255 latius
605 239 621 255 in
630 240 637 255 ι’

175 266 226 285 ditur,
232 266 273 282 dum
282 265 298 281 in
313 265 333 281 iis
346 264 447 286 regionibus,
454 269 498 285 quae
506 264 616 281 humanitatis
624 267 637 281 ei

175 292 243 308 laudem
259 291 344 310 affectant,
360 295 370 307 a
388 290 460 307 docendi
480 295 549 306 munere
567 293 632 307 arcetur

176 318 245 338 eiusque
260 317 320 333 merita
335 317 352 333 in
368 316 466 333 excolendis
481 316 578 333 hominibus
595 317 636 333 obru

175 343 243 363 oblivio,
251 343 291 359 dum
300 342 350 359 foeda
362 345 379 358 et
391 342 443 358 noxia
456 342 553 358 civitatibus
565 347 637 359 errorum

175 369 233 385 omnia
241 374 295 390 paene
306 368 388 390 pervadit,
400 368 437 384 luce
449 368 524 384 veritatis
536 368 637 389 erepta;iuc

175 395 247 416 quiescit
255 395 321 411 animus
328 399 380 415 quum
393 394 472 414 intuetur¹
485 394 555 410 deiectis
565 394 628 411 sensim
636 403 637 408 κ

175 421 277 437 christianae
284 421 377 442 sapientiae
384 420 441 436 denuo
448 422 496 436 vetus
505 420 600 437 aedificium
608 425 635 437 ass

177 447 197 464 Id
205 447 283 468 equidem
292 446 352 468 insigni
366 446 433 463 divinae
446 446 562 467 providentiae
570 447 634 463 muneri

175 473 270 493 referimus;
276 475 339 489 certum
346 472 391 489 enirn
397 472 452 488 Nobis
459 474 490 491 est,
495 477 528 493 ope
534 472 625 489 dumtaxat
630 478 637 488 c

175 499 273 520 sapientiae,
286 503 330 519 quae
343 497 393 514 fidem
407 500 424 514 et
438 497 520 514 rationem
534 498 587 514 amice
598 503 637 514 cons

175 530 228 541 unum
236 524 322 545 consurgit
329 524 429 545 principium
440 523 531 545 utriusque,
539 524 600 544 Deum,
607 524 637 540 fier

175 553 241 568 mentes
249 551 341 570 hominnm,
351 550 458 571 praelucente
468 549 514 566 claro
522 550 596 566 veritatis
604 550 637 566 lum

175 579 254 596 strentur,
261 576 306 593 viam
314 581 357 597 quae
365 576 411 592 ducit
419 576 441 592 ad
447 576 499 592 vitam
508 579 600 597 agnoscant
608 579 625 593 et
633 577 637 592 i

175 603 238 625 spectis
245 603 351 619 tenebrarum
363 602 405 622 filiis,
417 602 446 623 qui
454 602 493 619 ideo
505 602 543 618 huic
551 602 637 619 adversari!

175 630 216 651 quia
223 629 311 645 veritatem
319 629 396 645 oderunt.

198 655 235 671 Nos
247 655 305 676 itaque
317 654 379 671 conscii
387 654 485 675 amplissimi
500 654 573 670 muneris
585 654 637 670 dooeu

174 684 235 702 gentes
247 681 327 697 divinitus
340 680 375 697 dati
390 680 475 696 Ecclesiae
486 680 601 701 imprimisque
609 680 637 696 hui

174 707 216 723 litae
225 706 271 726 Sedi,
278 711 297 722 ac
305 706 354 723 simul
363 711 450 726 memores,
456 706 525 722 historia
533 706 637 727 duce,antiq=

174 738 208 754 qua
222 732 298 749 Ecclesia
311 735 328 748 et
343 732 408 748 romani
424 731 514 748 Pontifices
529 732 613 748 detersam
628 737 637 748 a

174 759 261 780 Europam
275 758 321 775 omni
335 758 442 774 scientiarum
456 760 473 774 et
484 758 546 774 artium
560 758 606 774 cultu
618 763 637 774 ex

172 784 215 801 nihil
228 785 336 805 inexpertum
350 784 463 805 relinquemus
476 786 496 800 ut
509 784 606 800 missionem
615 790 637 805 pr:

172 815 264 832 pergamus
272 810 319 827 obire
326 810 480 826 coniunctissimam
493 809 587 826 ministerio
600 810 636 826 Nos

172 841 210 852 rum
224 841 261 852 eam
276 836 353 855 dicimus,
368 841 402 857 qua
417 835 471 852 Nobis
486 840 527 852 cura
542 836 637 852 demandat*

173 862 280 883 sovendique,
287 861 386 878 dilectarum
394 862 447 878 instar
455 862 566 881 alumnarum,
574 862 637 878 scientiz

173 893 210 904 mas
218 887 321 908 disciplinas,
328 887 441 908 amplectendi
450 892 507 903 earum
518 887 596 907 cultores,
603 890 637 908 atq·

173 913 310 930 benevolentiam
323 913 420 934 praestandi
433 913 505 934 egregiis
520 913 563 932 viris.
577 913 605 934 qui
617 913 637 929 illz

173 938 275 955 liberalitate
290 944 321 955 sua
336 941 436 955 sustentant.
449 948 470 951 —
486 938 594 959 Quapropter
609 943 636 955 arn

172 965 222 981 vobis
231 969 264 981 non
273 967 303 983 est.
311 964 372 981 dilecte
384 964 407 981 fili
415 964 482 984 Noster,
489 964 598 981 Venerabiles
611 964 637 981 Fra

173 995 281 1007 succrescens
289 990 366 1011 Friburgi
375 990 482 1006 Athenaeum
491 995 612 1011 prosequamur
622 990 637 1007 ul

173 1016 252 1037 votisque
264 1016 336 1036 Nostris,
349 1019 427 1038 optantes
441 1019 460 1033 ut
471 1016 532 1032 stabile
547 1016 569 1033 sit
581 1019 598 1033 et
612 1016 637 1033 ret

173 1042 257 1058 secundis.
267 1043 304 1059 imo
312 1043 335 1059 sic
343 1043 428 1062 habetote,
433 1042 501 1064 plurimi
507 1048 517 1058 a
524 1043 578 1059 Nobis
586 1042 637 1059 sactur

174 1070 239 1084 vestras
245 1068 262 1084 in
269 1068 310 1085 illud
316 1069 391 1088 collatas,
397 1071 414 1085 et
420 1068 556 1090 probatissimum
565 1068 619 1085 Nobis
628 1068 637 1084 fi

174 1094 236 1110 studiis
250 1094 317 1111 Nostris
329 1095 405 1116 apprime
416 1096 553 1113 consentaneum,
565 1094 637 1115 quidqui1

175 1122 243 1141 gestum
252 1120 306 1140 fuerit,
313 1123 332 1137 ut
340 1120 381 1137 illud
389 1120 488 1137 firmissimis
498 1122 563 1136 constet
576 1120 636 1136 fultum

177 1149 195 1163 et
210 1147 256 1163 omni
264 1146 323 1163 floreat
335 1147 434 1163 instructum
449 1148 513 1163 ornatu.
525 1146 597 1162 Divinae
610 1147 637 1163 int1

177 1172 248 1193 guitatis
266 1173 351 1193 auspicem
370 1175 387 1189 et
401 1175 482 1194 paternae
498 1172 570 1188 Nostrae
586 1173 637 1189 carita
