1006 1419
145 167 171 179 DE
180 165 290 182 QUBSTIONE
299 165 378 181 somn-1,
390 165 454 181 DEQUE
463 165 585 179 MISSIONIBUS
595 167 656 179 arluc.
676 167 698 185 45

144 210 237 231 omniaque
249 211 315 230 gereret
327 209 462 230 auspicatissime
475 214 495 225 eu
505 214 552 230 gens,
564 214 607 230 quae
619 210 698 231 quidquid

144 235 216 257 appetit,
223 235 305 256 quidquid
314 235 381 255 publice
387 240 407 251 ac
415 235 493 255 privatim
501 235 545 255 gerit
553 235 574 251 ad
583 235 632 251 huius
638 236 698 251 veracis

145 261 234 278 doctrinae
242 266 319 277 normam
328 261 409 282 exigeret.

168 287 217 303 Haec
223 287 274 308 plane
281 287 375 303 Nobiscum
384 286 459 303 sentiunt
466 288 483 302 et
489 286 586 307 intelligunt
592 287 634 303 sacri
643 287 698 303 Antis

144 314 185 330 tites
192 313 288 329 Germanici
298 312 372 333 Imperii,
382 317 454 333 quorum
463 312 565 333 pastoralem
577 313 631 329 zelum
642 313 698 334 proba-

145 341 185 355 runt
197 339 251 355 Nobis
263 338 310 358 plura
325 338 347 354 ab
363 339 382 354 iis
399 338 484 359 praeclare
500 341 548 359 gesta
561 339 587 355 vel
601 339 668 360 incepta
684 342 698 355 ιιι

145 369 257 382 aerumnosae
269 364 314 380 vitae
326 364 380 385 plebis
391 364 478 385 operariae
489 367 505 380 et
519 365 584 385 egentis
592 367 632 385 apta
639 365 698 381 deleni-

146 393 205 408 menta
212 390 388 411 pararent—Verum
394 395 429 411 quo
435 390 501 411 plenius
506 394 523 407 et
529 390 613 407 efficacius
618 393 698 413 praestat<

146 419 198 439 queat
206 416 282 433 Ecclesia
288 421 332 437 quae
340 421 366 432 res
374 421 393 432 ae
402 419 469 437 tempus
477 416 557 437 postulat,
562 417 622 433 studiis
633 417 698 433 viribus

146 448 180 464 que
186 442 282 459 coniunctis
289 442 335 458 omni
341 443 423 459 utendum
429 445 455 459 est
462 442 526 458 ratione
532 445 549 458 et
554 448 591 463 ope,
598 448 642 464 quae
647 443 698 459 eiderr

147 472 215 490 praesto
222 469 245 485 sit
252 469 274 484 ad
287 468 327 484 mali
336 469 413 485 levamen
424 471 526 489 comparatu.
539 468 607 485 Scilicet
621 470 698 490 imprimi:

147 495 211 511 conniti
219 497 287 515 oportet
295 494 366 515 patienti
374 497 391 511 et
399 497 469 510 actuosa
477 494 568 511 sedulitate
578 497 601 514 ut,
609 495 698 511 emendatie

147 521 228 539 moribus.
241 523 338 536 assuescant
351 520 409 541 populi
420 520 499 541 privatim
513 525 532 536 ac
545 521 612 541 publice
619 521 643 537 sic
651 522 698 537 vitan

148 552 198 567 agere
206 549 225 563 ut
233 546 319 562 doctrinae
327 549 409 567 congruat
417 549 434 562 et
440 546 524 567 exemplis
532 546 595 563 Christi
601 553 605 563 :
611 549 646 563 tum
653 552 698 568 oper:

147 572 205 589 danda
218 575 244 589 est
258 575 276 588 ut
288 577 309 588 ne
320 577 330 588 a
342 572 393 588 sacris
404 572 479 588 iustitiae
493 575 511 588 et
522 573 597 589 caritatis
610 574 698 595 praecepti:

148 599 246 615 discedatur
253 598 302 619 siqua
310 598 331 614 de
339 603 357 614 re
366 598 459 619 ambigitur
471 598 515 614 inter
522 598 577 615 varios
589 599 651 615 civium
661 600 697 616 ordi

149 629 184 644 nee,
196 626 248 645 atque
261 627 279 640 ut
291 629 316 643 ea,
328 629 371 645 quae
384 624 427 640 forte
438 624 540 643 oboriantur,
552 624 622 641 dissidia
635 627 698 646 paterna

149 650 250 671 interposita
270 650 358 666 Pastorum
377 650 478 666 auctoritate
493 650 575 666 tollantur
588 656 592 667 ε
611 652 698 667 curendun

148 676 223 697 denique
230 678 249 692 ut
256 676 325 692 leviores
337 676 409 692 toleratu
421 676 455 692 sint
468 676 547 697 inopibus
560 677 652 697 praesentis
661 677 698 693 vita·

150 702 243 721 molestiae.
250 707 270 718 ac
277 702 358 718 divitibus
366 707 408 723 opes
416 702 529 719 instrumento
536 702 570 719 sint
578 708 612 719 non
623 703 698 720 fovenda*

149 728 248 749 cupiditatis
260 731 277 744 et
284 728 381 744 inferendae
389 728 464 748 iniuriae,
471 729 500 745 sed
512 728 597 745 beneficae
605 730 653 750 stipis
663 730 698 746 elur

149 754 227 774 giendae,
234 758 268 774 qua
276 753 393 774 praetiosiores
402 753 489 770 thesauros
496 754 584 774 acquirant
592 754 609 770 in
618 754 673 771 caelis.

172 779 230 801 Quare
238 779 291 795 mnlta
297 784 385 795 censemus
394 780 444 795 laude
457 779 510 800 digna
522 784 566 800 quae
575 780 604 801 pia
612 780 698 797 Germano

149 811 187 822 rum
196 805 278 821 industria
286 804 354 821 molitur
362 806 402 821 dum
411 805 461 821 aedes
470 808 518 826 parat
531 810 566 826 quo
574 806 629 826 pacati
637 806 698 827 opifice

149 832 221 848 honeste
234 830 341 850 conveniant,
350 831 417 847 scholas
431 831 489 847 condit
501 833 518 847 et
530 836 621 852 gynaecea,
628 835 647 848 ut
655 837 697 848 sexu

149 856 238 877 utriusque
246 856 324 872 iuventus
335 859 375 877 apte
383 859 461 877 recteque
475 856 576 876 instituatur,
588 857 655 873 sodales
666 863 698 874 con

149 884 210 903 gregat
218 882 240 898 ad
249 882 338 898 fovendam
347 882 434 903 pietatem,
440 882 507 903 aliaque
513 882 529 898 id
541 888 594 903 genus
605 884 698 904 aggreditu-

150 908 240 930 Siquidem
248 908 289 924 haec
297 913 318 924 eo
326 908 411 929 pertinent
419 911 438 924 ut
446 913 479 924 non
488 909 540 924 modo
547 909 618 929 operarii
630 910 698 926 homine

149 934 257 951 commodius
266 934 318 950 vitam
326 937 383 954 agant,
395 939 487 955 eorumque
495 934 571 950 leventur
585 935 608 951 rei
621 935 697 952 familiari

150 960 244 981 angustiae.
251 960 281 976 sed
287 960 338 976 etiam
347 962 366 976 ut
374 959 433 981 religio
441 960 515 981 bonique
527 965 582 976 mores
589 961 611 977 ab
622 961 642 977 iis
649 961 698 977 eolan

150 989 183 1002 tur.
195 994 218 997 —
228 986 282 1002 Nobis
296 986 382 1002 enimvero
390 986 512 1006 periucundum
521 986 604 1002 accideret
611 987 625 1003 si
636 987 698 1003 Germa

151 1012 190 1028 niae
204 1012 284 1033 Episcopi
300 1017 320 1028 ea
335 1017 368 1033 qua
382 1012 468 1028 excellunt
481 1012 533 1028 animi
545 1013 645 1033 constantia,
657 1014 698 1030 simu

150 1038 268 1054 adnitentibus
280 1038 325 1054 clero
337 1040 354 1054 et
366 1038 448 1057 fidelibus,
460 1038 520 1054 iisdem
534 1038 609 1055 felicibus
622 1039 698 1060 religioni

150 1064 236 1085 auspiciis,
243 1064 304 1085 quibus
312 1069 332 1080 ea
343 1069 386 1085 quae
400 1064 476 1080 diximus
488 1067 567 1085 suscepta
574 1067 619 1084 sunt,
626 1068 698 1086 opportu

151 1090 222 1106 nissima
234 1090 276 1106 haee
286 1095 338 1111 opera
347 1092 364 1106 et
377 1090 454 1106 instituta
468 1095 562 1111 propagare
574 1091 628 1110 latius,
641 1091 697 1112 aliaqu

149 1116 224 1132 adiicere
237 1115 298 1132 similia
312 1118 386 1136 possent,
400 1116 475 1132 maxime
487 1116 505 1132 in
517 1116 543 1132 his
556 1116 597 1133 locis
611 1122 654 1138 quae
667 1123 697 1138 pra

149 1142 212 1158 ceteris
220 1141 280 1158 florent
289 1142 372 1158 industria
384 1145 401 1158 et
413 1142 478 1158 artibus
490 1147 509 1158 ac
518 1142 581 1158 maiore
588 1142 667 1163 opificum
677 1143 698 1159 fre

150 1168 222 1189 quentia
231 1167 342 1184 celebrantur,
