3364 4928
401 346 444 397 to
484 346 631 396 crassa.
652 347 809 398 sueves.
832 335 853 363 “
872 347 1099 398 sauraumas
1122 347 1382 398 cumsrrnuas
1401 381 1421 410 „

393 506 484 590 leges
500 516 615 590 aperte
633 488 829 591 discrepent
838 529 914 572 cum
940 509 1010 572 iure
1025 508 1149 586 divion,
1164 508 1191 572 si
1207 527 1309 591 quam
1328 507 1502 572 Ecclesiae

393 611 569 694 imponant
594 612 757 690 iniuriam,
773 622 831 677 aut
858 613 906 690 iis,
921 633 1008 695 quae
1034 622 1112 677 sunt
1128 613 1172 676 de
1199 611 1368 695 religione,
1383 609 1502 676 officiis

393 714 634 789 contradicant,
649 714 701 778 vel
726 717 960 780 auctoritatem
986 717 1073 784 IESU
1100 715 1260 782 CHRISTI
1285 717 1317 778 in
1344 713 1504 797 pontifice

395 820 546 882 maximo
570 819 705 898 violent,
735 830 807 884 tum
832 841 912 884 vero
938 821 1089 884 resistere
1124 818 1269 884 officium
1301 829 1361 896 est,
1388 837 1504 903 parere

394 921 501 985 scelus
525 923 649 1006 :idque
673 943 749 986 cum
775 924 878 1006 ipsius
905 923 1107 1006 reipublicae
1133 923 1254 988 iniuria
1277 922 1504 999 coniunctum,

395 1025 473 1106 quia
489 1035 646 1107 peccatur
662 1026 695 1089 in
715 1026 955 1109 rempublicam
973 1027 1136 1110 quidquid
1164 1026 1197 1090 in
1222 1027 1382 1109 religione
1397 1023 1502 1089 delin-

289 1125 370 1170 ΝΜ
395 1131 517 1213 quitur.
542 1167 586 1179 --
601 1130 730 1194 Rursus
756 1141 869 1196 autem
897 1141 1037 1215 apparet
1062 1133 1224 1216 quamsit
1252 1132 1308 1195 illa
1331 1129 1506 1195 seditionis

213 1183 371 1312 limam
395 1233 518 1297 iniusta
544 1234 755 1300 criminatio:
771 1255 837 1298 non
866 1236 955 1299 enim
981 1235 1134 1299 abiicitur
1158 1233 1299 1317 principi
1326 1233 1508 1315 legumque

218 1303 289 1347 nulla
332 1301 367 1346 itt

214 1361 290 1421 μων
322 1374 368 1406 esse
395 1335 556 1400 latoribus
580 1338 773 1402 obedientia
797 1340 930 1404 debita:
946 1341 1004 1402 sed
1022 1339 1065 1402 ab
1080 1358 1196 1403 eorum
1214 1336 1419 1400 voluntate'
1411 1356 1444 1398 m
1467 1335 1507 1398 iis

217 1420 331 1466 'mm'
394 1439 576 1503 dumtaxat
592 1443 778 1525 praeceptis
805 1441 997 1518 disceditur,
1012 1461 1154 1523 quorum
1181 1439 1396 1504 ferendorum
1413 1437 1507 1502 nulla

395 1553 544 1626 potestas
567 1555 627 1622 est,
642 1546 721 1628 quia
736 1567 812 1610 cum
831 1546 920 1610 Dei
911 1547 1031 1610 iniuria
1050 1545 1210 1622 feruntur,
1226 1545 1368 1628 ideoque
1384 1552 1506 1607 vacant

395 1647 530 1725 iustitia,
560 1659 594 1713 et
628 1650 759 1733 quidvis
789 1652 902 1734 potius
929 1661 1009 1714 sunt
1037 1671 1140 1734 quam
1171 1650 1270 1732 leges.
1303 1687 1347 1698 —
1381 1648 1508 1719 Nostis,

395 1751 613 1818 Venerabiles
645 1755 787 1833 Fratres
814 1755 901 1818 hanc
931 1776 1004 1819 esse
1042 1754 1244 1837 ipsissimam
1283 1753 1373 1818 beati
1412 1751 1506 1817 Pauli

395 1857 553 1939 Apostoli
569 1859 757 1922 doctrinam
773 1883 780 1924 :
797 1861 853 1943 qui
874 1879 950 1924 cum
967 1860 1154 1943 scripsisset
1170 1859 1212 1922 ad
1224 1858 1350 1936 Titum,
1366 1876 1507 1922 monen-

394 1962 457 2025 dos
472 1961 671 2026 christianos
684 1962 935 2046 principibusel
945 1962 1156 2046 potestatibus
1174 1961 1320 2026 subditos
1334 1981 1409 2036 esse,
1422 1958 1509 2024 detto

240 2082 371 2129 traducent
395 2065 529 2142 obedire,
545 2066 625 2132 illud
646 2067 760 2132 statim
788 2069 950 2151 adiungit,
965 2068 1014 2131 ad
1035 2088 1128 2133 omne
1147 2078 1225 2150 opus
1239 2065 1357 2130 bonum
1370 2073 1510 2148 paratos

214 2142 339 2307 iffi&
395 2169 541 2253 esse(¹:)
560 2191 629 2254 quo
645 2170 757 2254 palam
776 2171 878 2250 lieret,
893 2173 920 2234 si
943 2171 1034 2254 leges
1049 2170 1224 2235 hominum
1241 2179 1359 2234 contra
1383 2168 1507 2251 sempi-

396 2281 524 2338 ternam
550 2274 658 2357 legem
685 2275 750 2340 Dei
781 2277 961 2359 quicquam
992 2283 1152 2352 statuant,
1176 2283 1305 2338 rectum
1335 2293 1407 2337 esse
1438 2293 1505 2338 non

396 2397 520 2459 parere.
548 2377 724 2461 Similique
755 2379 883 2444 ratione
915 2379 1071 2463 princeps
1100 2377 1381 2462 Apostolorum'
1372 2377 1421 2455 ris,
1448 2377 1507 2461 qui

395 2480 584 2545 libertatem
610 2483 825 2564 praedicandi
853 2484 1028 2568 Evangelii
1054 2482 1116 2546 sibi
1132 2481 1257 2546 vellent
1276 2481 1412 2564 eripere,
1428 2480 1506 2547 forti

394 2594 496 2667 atque
507 2587 643 2650 excelso
659 2588 772 2652 animo
785 2591 1019 2670 respondebat,
1033 2589 1067 2652 si
1079 2592 1205 2652 ricstum
1225 2587 1323 2650 estin
1344 2595 1506 2668 conspectu

395 2687 469 2764 Dei,
485 2709 543 2753 vos
556 2690 666 2770 potius
679 2691 805 2770 audire,
820 2713 920 2776 quam
936 2693 1055 2768 Deum,
1076 2691 1240 2756 iudicate:
1261 2711 1324 2753 non
1335 2690 1422 2754 enim
1430 2701 1507 2773 pos·

395 2812 510 2855 sumus
524 2813 606 2874 quae
617 2794 1004 2860 vidimusetaudivimus
1014 2815 1076 2858 non
1092 2793 1182 2875 loqui
1196 2792 1225 2874 (²
1226 2791 1249 2876 ).

230 2920 372 2968 nraxtmum
440 2899 573 2967 Amb'as
603 2904 716 2988 itaque
747 2906 873 2989 patrias
897 2923 1170 2989 unumquemque
1195 2902 1343 2986 diligere,
1365 2901 1505 2967 alteram

220 2980 376 3142 lillmallr.
399 3024 547 3091 naturae,
577 3014 716 3080 alteram
748 3017 894 3080 civitatis
921 3014 1084 3091 caelestis,
1114 3013 1161 3078 ita
1191 3021 1305 3077 tamen
1333 3021 1371 3076 ut
1399 3010 1509 3090 huius,

221 3103 376 3216 mm?
398 3143 499 3206 quam
528 3123 615 3188 illius
641 3125 804 3190 habeatur
830 3125 951 3188 caritas
976 3123 1155 3208 antiquior,
1179 3141 1240 3186 nec
1267 3141 1415 3204 unquam
1442 3121 1508 3186 Dei

217 3217 375 3323 {2522ss
399 3232 550 3297 iuribus
541 3255 612 3299 rura
627 3233 776 3300 humana
800 3243 1057 3318 anteponantur,
1079 3233 1267 3297 maximum
1289 3241 1340 3296 est
1356 3231 1506 3296 christia-

223 3336 331 3396 attagen.
399 3363 517 3406 norum
550 3344 706 3422 officium,
737 3345 885 3427 itemque
916 3344 1006 3408 velut
1037 3342 1112 3406 lons
1142 3342 1290 3424 quidam,
1320 3341 1410 3405 unde
1440 3338 1507 3402 alia

399 3447 508 3513 officia
524 3459 715 3515 nascuntur.
727 3450 816 3516 Sane
833 3451 991 3515 liberator
1005 3452 1137 3534 generis
1150 3451 1287 3515 humani
1300 3450 1343 3513 de
1359 3470 1394 3514 se
1416 3450 1508 3533 ipse:

399 3551 480 3634 Ego,
496 3554 612 3636 inquit,
629 3555 663 3616 in
679 3551 736 3617 lzoc
756 3565 942 3618 natussum
957 3555 1119 3618 etadlzoc
1140 3554 1216 3618 veni
1235 3554 1270 3618 in
1286 3554 1456 3631 mundum,
1471 3563 1510 3617 ut

228 3697 293 3742 Teste
318 3697 374 3746 sm,
399 3661 621 3726 testirrtonium
638 3663 829 3745 perhzbeam
853 3663 991 3726 veritati
1018 3663 1070 3747 (³.)
1099 3663 1309 3742 Similiters
1294 3685 1402 3746 agnem
1432 3663 1512 3728 veni

223 3756 375 3860 ffflij
400 3772 528 3836 mittere
552 3773 587 3835 in
611 3784 743 3849 terram,
761 3783 792 3836 et
813 3773 897 3855 quid
911 3773 990 3850 vola,
1010 3773 1079 3838 nisi
1104 3782 1142 3837 ut
1166 3774 1402 3858 accendatur&
1403 3775 1440 3858 )?
1467 3775 1506 3838 In

223 3873 302 3979 2222,
301 3879 376 3978 5³23}ss
400 3881 498 3944 huius
510 3882 701 3964 cognitione
713 3881 871 3959 veritatis,
886 3902 973 3964 quae
987 3884 1108 3946 mentis
1124 3893 1175 3948 est
1191 3903 1322 3947 summa
1339 3883 1508 3967 perfectio,

222 4007 375 4120 23ιὲιῶ-
400 3991 434 4052 ἰη
465 3992 604 4054 caritate
633 3990 756 4066 divina,
783 4010 870 4072 quae
898 3988 1025 4071 perficit
1055 3991 1127 4073 pari
1158 3993 1260 4056 modo
1290 3993 1510 4071 voluntatem,

219 4110 338 4216 mm
400 4099 510 4162 omnis
535 4098 791 4162 christianorum
816 4107 867 4162 est
891 4099 961 4162 vita
986 4119 1025 4163 ac
1053 4099 1188 4164 libertas
1214 4102 1335 4183 posita.
1355 4100 1507 4183 Quarum

402 4227 520 4286 rerum,
536 4207 685 4272 veritatis
713 4208 839 4271 scilicet
862 4219 896 4272 et
912 4208 1070 4288 caritatis,
1085 4208 1330 4275 nobilissimum
1347 4210 1508 4292 patrimo·

433 4404 1030 4464 1.Tit..111,1.-..2Act,1v.19,ao.,-.3,lo
1044 4413 1120 4456 xuni,
1133 4417 1207 4462 37.—
1178 4401 1323 4460 —4.Luc.
1334 4412 1431 4461 xr1,49,
