3362 4944
437 261 505 330 144
576 263 764 314 aurnuns
782 264 910 316 anosr.
934 252 954 282 ‘⁶
973 263 1198 316 onnonruun
1216 263 1365 330 Quinum
1385 299 1406 329 „

430 437 583 515 honores,
610 458 676 522 qua
702 449 815 503 mente
841 449 943 522 atque
969 438 1083 504 animo
1108 448 1179 503 tum
1196 439 1316 504 studiis
1336 440 1539 519 vacandum,

430 551 502 606 tum
519 551 630 605 cetera
652 541 767 608 omnia
782 541 904 608 aetatis
919 561 999 606 suae
1014 541 1124 607 officia
1138 551 1173 605 et
1198 559 1337 607 munera
1352 541 1539 626 implenda,

429 647 587 730 quodque
613 647 665 711 his
688 647 882 731 praesertim
904 646 1112 730 temporibus
1139 646 1281 712 maximi
1294 656 1345 712 est
1361 648 1536 724 momenti,

430 770 496 836 qua
512 750 587 830 fide,
602 771 670 834 quo
685 769 799 816 amore
815 751 858 818 sit
868 750 1040 816 Ecclesiae
1056 751 1154 815 matri
1165 759 1199 815 et
1215 750 1434 834 Apostolicae
1451 749 1536 818 Sedi

429 853 678 920 alhaerendum.
694 852 868 939 Siquidem
886 853 1070 938 Angelicus
1085 853 1279 919 adolescens
1298 873 1357 919 seu
1373 855 1536 920 domesti-

429 978 487 1024 cos
500 960 586 1024 inter
595 959 740 1043 parietes
754 960 960 1042 degeret,seu
972 957 1093 1022 nobilis
1110 958 1260 1042 ephebus
1272 960 1306 1023 in
1322 957 1398 1024 aula
1410 959 1539 1042 Hispa·

430 1064 505 1128 nica
520 1074 713 1141 versaretur,
724 1083 782 1128 seu
792 1063 906 1129 animo
915 1063 1038 1128 virtute
1049 1073 1083 1130 et
1095 1063 1247 1130 doctrina
1256 1062 1444 1130 excolendo
1454 1084 1537 1146 ope-

428 1187 500 1232 ram
516 1167 610 1232 daret
626 1167 660 1233 in
678 1167 881 1235 Societatem
900 1167 1145 1244 Iesu,abdicato
1159 1169 1359 1252 principatu,
1369 1169 1532 1246 adscitus,

428 1271 587 1355 ubiquod
597 1272 723 1338 invotis
735 1272 942 1351 habuerat,et
954 1271 1165 1356 praeclusum
1177 1271 1537 1355 dignitatibusaditum

429 1385 464 1441 et
475 1376 578 1440 vitam
589 1395 724 1441 omnem
734 1376 966 1458 proximorum
976 1375 1077 1440 saluti
1089 1375 1152 1440 sibi
1162 1375 1260 1441 unice
1269 1376 1535 1461 impendendam

430 1500 502 1544 esse
517 1479 692 1564 gestiebat,
703 1479 805 1544 talem
821 1479 855 1544 in
872 1479 963 1544 omni
979 1479 1068 1544 vitae
1082 1498 1207 1562 genere
1224 1499 1297 1544 sese
1312 1479 1483 1562 impertiit,
1499 1491 1538 1546 ut

429 1582 525 1648 facile
535 1582 653 1648 ceteris
665 1583 757 1647 omni
767 1583 867 1648 laude
876 1581 1134 1660 antecelleret,et
1145 1581 1316 1664 praeclara
1331 1583 1534 1668 relinqueret

429 1688 615 1752 sanctitatis
639 1698 847 1772 argumenta.
862 1687 1084 1770 Quapropter,
1107 1685 1251 1768 sapienti
1278 1707 1359 1752 sane
1383 1687 1536 1767 consilio,

428 1793 486 1876 qui
502 1792 701 1857 christianae
717 1792 880 1857 iuventuti
897 1791 1123 1856 instituendae
1143 1800 1178 1855 et
1193 1791 1397 1856 erudiendae
1412 1790 1534 1874 praefi-

428 1892 562 1958 ciuntur
589 1892 752 1959 Sanctum
790 1891 958 1958 Aloisium
989 1911 1176 1976 proponere
1207 1891 1317 1958 solent
1355 1901 1534 1976 tamquam

428 1999 673 2064 nobilissimum
689 1999 732 2062 ad
745 1998 945 2063 imitandum
963 1997 1145 2080 exemplar,
1154 1996 1377 2080 obsequentes
1392 1998 1537 2064 consilio

428 2102 611 2167 decessoris
627 2101 743 2166 Nostri
760 2100 933 2164 Benedicti
949 2098 1110 2183 X111,qui
1127 2100 1291 2164 iuventuti
1303 2099 1423 2164 studiis
1439 2101 1535 2166 dedi·

429 2215 485 2271 tae
510 2205 725 2290 praecipuum
754 2205 936 2268 Patronum
962 2202 1139 2267 caelestem
1164 2202 1332 2268 Aloisium
1348 2204 1535 2269 constituit

258 2346 403 2394 smum„
429 2307 542 2392 Quare
565 2309 734 2392 egregiam
760 2325 841 2370 sane
868 2306 1062 2370 meritorum
1087 2304 1222 2370 laudern
1249 2305 1312 2370 sibi
1336 2325 1536 2389 comparare

249 2405 402 2525 &252²ss
428 2413 583 2478 videntur
595 2412 672 2478 illae
687 2410 927 2477 catholicorum
952 2409 1109 2474 iuvenum
1126 2408 1322 2488 Societates,
1343 2429 1429 2493 quae
1460 2431 1534 2476 non

251 2526 365 2594 paranda
428 2517 531 2580 modo
545 2517 580 2580 in
595 2515 715 2580 italicis
730 2515 904 2580 sedetiam
921 2514 955 2578 in
970 2513 1095 2577 exteris
1111 2511 1248 2578 urbibus
1264 2523 1342 2578 sunt
1357 2514 1537 2580 institutae

251 2589 381 2691 mim
428 2640 468 2683 eo
484 2619 666 2702 proposito,
685 2627 722 2684 ut
737 2617 929 2682 huiusmodi
951 2615 1129 2681 Aloisiana
1152 2614 1348 2680 solemnitas
1364 2617 1529 2700 singulari

426 2722 517 2788 cultu
533 2723 725 2787 celebretur.
746 2721 819 2786 Nos
835 2740 903 2785 non
918 2720 1002 2785 latet
1027 2729 1191 2803 quantum
1208 2721 1310 2785 studii
1337 2741 1530 2805 operaeque

425 2828 501 2892 illae
517 2825 717 2892 contulerint
733 2825 766 2890 in
783 2825 986 2908 apparandis
1001 2823 1193 2902 honoribus,
1207 2825 1266 2907 qui
1282 2833 1355 2890 toto
1375 2826 1456 2890 orbe
1471 2845 1531 2890 ca·

424 2932 549 2996 tholico
563 2928 730 3013 Angelico
755 2930 872 2993 luveni
894 2926 1093 3004 delerentur,
1109 2937 1143 2993 et
1159 2937 1320 3011 quantam
1344 2927 1534 2992 adhibeant

422 3055 546 3113 curam,
562 3044 599 3100 ut
613 3033 853 3099 catholicorum
870 3034 995 3117 pietate
1011 3032 1134 3115 pariter
1150 3051 1189 3096 ac
1205 3051 1343 3096 numero
1356 3041 1532 3115 praestent

422 3140 498 3222 piae
508 3138 791 3223 peregrinationes
801 3137 853 3202 vel
869 3138 913 3202 ad
926 3136 1039 3201 natale
1050 3135 1159 3200 solum
1176 3133 1369 3214 Aloisii,vel
1386 3137 1429 3200 ad
1439 3136 1531 3200 hanc

421 3243 547 3308 almam
572 3242 697 3322 urbem,
721 3261 808 3326 quae
831 3249 940 3306 castas
956 3241 1028 3306 elus
1053 3242 1193 3304 exuvias
1217 3249 1364 3304 asservat
1380 3251 1413 3306 et
1437 3240 1532 3318 colit,

261 3385 395 3430 p„„„„,
422 3350 661 3433 suscipiendae.
678 3347 792 3411 Pueris
807 3346 919 3422 etiam,
933 3353 972 3409 ut
987 3344 1186 3426 accepimus,
1209 3343 1396 3427 puellisque
1410 3343 1531 3412 oblata

245 3447 398 3551 Jumtffl
423 3464 473 3517 est
485 3453 574 3517 ratio
590 3451 735 3518 testandi
751 3448 883 3514 Aloisio
898 3447 972 3531 puri
987 3447 1111 3512 amoris
1131 3456 1165 3512 et
1180 3446 1315 3530 pietatis
1331 3465 1412 3512 suae
1427 3449 1528 3530 quasi

244 3561 340 3609 excitat-
422 3555 610 3639 primitias;
635 3552 787 3637 pagellae
801 3551 892 3616 enim
920 3548 987 3614 late
1011 3558 1090 3614 sunt
1104 3545 1257 3628 diffusae,
1281 3551 1432 3632 augustis
1455 3547 1528 3614 iam

421 3657 617 3723 nobilitatae
640 3654 841 3732 nominibus
866 3653 1040 3735 inquibus
1064 3651 1128 3736 ipsi
1144 3671 1179 3716 se
1202 3661 1424 3735 parentesque
1438 3662 1531 3718 tam·

419 3779 521 3844 quam
542 3757 686 3824 famulos
701 3765 734 3822 et
757 3755 894 3820 clientes
919 3754 1112 3820 inscribant
1139 3754 1309 3838 Singulari
1337 3755 1415 3822 huic
1429 3757 1463 3820 in
1488 3777 1529 3822 re

418 3863 548 3945 optima
564 3860 675 3926 ardori
699 3868 733 3924 et
749 3856 875 3924 sanctis
892 3857 1056 3921 eiusmodi
1083 3857 1265 3941 propositis
1281 3868 1314 3923 et
1329 3859 1415 3923 votis
1430 3861 1529 3941 cupi-

418 3985 492 4030 mus
507 3975 609 4051 atque
624 3973 782 4048 optamus
797 3970 834 4027 ut
849 3960 958 4026 bonus
974 3959 1314 4042 faustusqueiuvante
1325 3960 1529 4040 Deo,exitus

416 4072 579 4154 obtingat
602 4070 734 4136 Interea
749 4087 826 4134 cum
851 4067 1010 4131 admotae
1032 4083 1137 4148 nuper
1152 4065 1220 4132 sint
1247 4066 1291 4130 ad
1309 4066 1382 4131 Nos
1397 4086 1529 4148 preces,

417 4184 453 4238 ut
477 4175 511 4239 in
527 4175 712 4241 uberiorem
738 4171 925 4236 animarum
946 4169 1090 4235 fructum
1121 4168 1321 4235 caelestibus
1347 4169 1527 4238 Ecclesiae

416 4276 580 4340 thesauris
594 4277 680 4341 hanc
696 4274 944 4340 solemnitatem
954 4273 1062 4339 ditare
1077 4280 1112 4338 et
1126 4273 1284 4338 decorare
1294 4272 1530 4352 velimus,Nos
