3364 4928
402 344 445 390 22
498 343 644 394 LlTTER.
667 345 822 396 ENCYCL.
845 332 865 360 ‘¹
882 345 1108 396 SAPIENTIAE
1125 343 1386 396 ClIRlSTlANAE
1405 379 1427 408 „

402 457 467 464 ...φ-
1413 457 1509 464 -μ-

397 523 490 586 randi
515 523 680 602 voluntas,
703 523 841 588 robusto
864 524 978 588 animo
1004 526 1280 607 constantiaeque
1309 523 1509 600 coniuncta,

396 624 584 690 christianis
608 628 768 692 universis
791 637 843 692 est
866 629 1060 704 necessaria,
1085 638 1131 706 ut,
1155 645 1385 711 quoscumque
1400 645 1503 691 casus

250 747 370 792 comm-
395 742 528 814 tempus
554 732 729 810 invexerit,
756 733 791 795 in
815 732 904 795 nullo
924 732 991 796 sint
1013 731 1193 814 deficientes
1218 733 1268 815 (1),
1293 749 1504 814 magnopere

218 805 301 910 ‘52³2ss
323 807 371 909 *fif
395 834 535 901 velimus
563 835 594 900 in
632 837 839 918 singulorum
867 837 988 901 animis
1015 836 1082 901 alte
1106 837 1249 900 insidere
1285 833 1370 910 earu,
1395 854 1501 918 quam

215 924 353 1042 ffiffi,
397 938 519 1004 Paulus
535 939 577 1023 (²)
585 940 799 1023 prudentiam
814 940 950 1023 spiritus
966 941 1126 1005 nominat.
1145 939 1239 1003 Haec
1264 939 1353 1004 enim
1378 939 1412 1002 in
1428 958 1504 1002 mo·

217 1041 343 1149 35:321&
394 1043 551 1136 derandis
577 1044 764 1108 actionibus
788 1044 943 1108 humanis
970 1044 1120 1127 sequitur
1134 1044 1299 1127 optimam
1322 1042 1504 1107 mediocri-

254 1117 269 1162 ]
345 1137 350 1148 '
394 1147 473 1211 tatis
489 1147 647 1230 regulam,
664 1148 745 1211 illud
773 1148 805 1210 in
832 1148 969 1236 homine
987 1147 1142 1221 efficiens,
1165 1168 1208 1212 ne
1228 1155 1286 1211 aut
1302 1145 1422 1212 timide
1436 1147 1498 1212 de·

394 1260 504 1334 speret
520 1261 655 1334 propter
667 1251 845 1334 ignaviam,
861 1261 919 1316 aut
935 1252 1033 1315 nimis
1048 1251 1197 1315 confidat
1209 1259 1345 1334 propter
1361 1253 1501 1316 temeri·

393 1364 507 1420 tatem.
523 1391 566 1404 -
585 1355 644 1418 Est
665 1366 777 1418 nutem
804 1355 895 1438 quod
912 1353 1045 1418 diflerat
1058 1356 1143 1418 inter
1157 1353 1367 1436 prudentiam
1386 1353 1500 1436 politi-

263 1463 369 1510 aurenca
394 1479 476 1533 cam,
501 1477 588 1541 quae
611 1458 654 1522 ad
683 1458 809 1523 bonum
836 1477 1023 1535 commune,
1047 1469 1080 1522 et
1102 1478 1177 1522 eam
1203 1478 1291 1542 quae
1312 1459 1355 1522 ad
1371 1457 1500 1522 bonum

213 1523 369 1628 ἷῖἶῖῗῗοῖι
394 1564 553 1647 cuiusque
586 1564 741 1645 privatim
778 1563 931 1646 pertinet.
955 1599 999 1612 -
1033 1563 1127 1626 Haec
1161 1564 1251 1626 enim
1282 1563 1429 1626 cernitur
1464 1563 1497 1624 in

217 1647 369 1760 §aff-af*
395 1668 585 1731 hominibus
609 1667 757 1750 privatis,
771 1669 828 1750 qui
847 1667 988 1730 consilio
1004 1676 1179 1750 rectaeque
1195 1667 1315 1730 rationi
1331 1666 1495 1731 obediunt

396 1773 428 1834 in
444 1770 685 1853 gubernatione
701 1772 751 1835 sui
767 1770 842 1836 :illa
869 1790 948 1835 vero
963 1771 996 1835 in
1007 1771 1215 1853 praepositis,
1232 1771 1449 1854 maximeque
1465 1771 1500 1832 in

395 1874 608 1958 principibus,
618 1893 760 1958 quorum
787 1875 932 1940 muueris
956 1884 1007 1940 est
1028 1892 1105 1939 cum
1129 1883 1297 1958 potestate
1324 1891 1503 1957 praeesset

395 1980 443 2042 ita
451 1978 588 2062 quidem
598 1987 636 2042 ut
652 1978 787 2061 politica
803 1979 1007 2060 priuatorum
1022 1978 1199 2061 prudentia
1214 1979 1247 2042 in
1263 1976 1327 2042 hoc
1343 1977 1498 2043 videatur

394 2092 468 2148 tota
478 2082 668 2157 consistere,
681 2083 850 2164 legitimae
862 2084 1039 2166 potestatis
1055 2083 1144 2147 iussa
1154 2080 1297 2147 fideliter
1310 2077 1458 2164 exequi(
1477 2082 1505 2162 ).

398 2187 493 2250 Haec
523 2187 699 2270 dispositio
734 2197 835 2270 atque
870 2187 924 2251 hic
946 2187 1030 2252 ordo
1060 2197 1158 2250 tanto
1198 2185 1305 2268 magis
1330 2185 1441 2249 valere
1466 2184 1499 2246 in

227 2315 371 2363 inscensu
396 2290 576 2354 christiana
600 2290 769 2373 republica
793 2290 904 2370 debet,
919 2300 1046 2375 quanto
1075 2287 1245 2355 Pontificis
1267 2288 1405 2373 politica
1421 2309 1503 2372 pru·

221 2375 359 2480 mm,
397 2397 512 2461 dentia
527 2396 622 2475 plura
645 2395 899 2478 complectitur:
915 2397 986 2460 eius
1002 2396 1091 2459 enim
1118 2405 1170 2460 est
1186 2414 1251 2459 non
1269 2393 1378 2458 solum
1388 2411 1503 2476 regere
1677 2357 1678 2441 l

222 2495 362 2555 Pvr‘iicm
400 2498 594 2574 Ecclesiam,
612 2499 669 2562 sed
686 2500 871 2582 generatim
881 2500 1003 2564 civium
1017 2499 1273 2564 christianorum
1290 2498 1439 2562 actiones
1457 2497 1504 2562 ita

224 2560 327 2642 ’Ψ
397 2603 560 2680 ordinare,
585 2613 621 2667 ut
647 2621 724 2666 cum
750 2623 809 2686 spe
840 2603 1076 2686 adipiscendae
1106 2602 1223 2666 salutis
1245 2611 1402 2665 aeternae
1422 2609 1504 2681 apte

398 2715 592 2789 congruant
611 2706 666 2770 Ex
681 2725 750 2789 quo
764 2716 915 2789 apparet,
930 2716 1061 2790 praeter
1081 2726 1247 2772 summam
1264 2704 1507 2769 sententiarum

399 2813 611 2880 concordiam
628 2823 662 2877 et
685 2812 859 2890 tactorum,
875 2833 1010 2878 necesse
1035 2833 1108 2878 esse
1134 2813 1306 2897 politicam
1323 2811 1502 2894 potestatis

400 2925 643 2992 ecclesiasticae
669 2924 845 2989 observare
877 2925 909 2988 in
937 2925 1070 3007 agendo
1108 2923 1316 3007 sapientiam.
1347 2923 1502 2987 lamvero

400 3029 600 3094 christianae
623 3028 669 3091 rei
696 3027 943 3092 administratio
958 3027 1115 3111 proxime
1139 3036 1172 3090 et
1188 3027 1371 3091 secundum
1389 3025 1506 3089 Ponti-

283 3119 289 3130 ’
311 3195 316 3206 ,
361 3118 377 3155 ³
401 3133 496 3198 ficem
514 3153 689 3197 romanum
706 3131 748 3196 ad
766 3131 955 3214 Episcopos
980 3131 1144 3214 pertinet:
1160 3131 1216 3214 qui
1232 3131 1368 3206 scilicet,
1383 3149 1503 3212 quam-

306 3214 312 3231 ’
400 3257 502 3321 quam
518 3235 718 3320 pontificalis
734 3235 905 3318 fastigium
931 3235 1108 3318 potestatis
1136 3255 1202 3298 non
1226 3235 1408 3317 attingunt,
1423 3244 1503 3297 sunt

400 3351 513 3406 tamen
537 3341 570 3404 in
597 3340 822 3404 ecclesiastica
846 3339 1029 3404 hierarchia
1054 3340 1122 3404 veri
1147 3339 1335 3422 principes;
1358 3357 1504 3422 cumque

400 3443 549 3526 singulas
566 3442 731 3507 Ecclesias
757 3443 878 3526 singuli
903 3443 1149 3520 administrent,
1164 3453 1243 3507 sunt
1266 3444 1365 3526 quasi
1376 3441 1504 3524 prinu·-

431 3647 451 3678 1.
466 3631 524 3683 lac,
535 3641 551 3682 1,
564 3645 585 3688 4.
598 3655 626 3663 -⁴
638 3645 659 3676 2
674 3630 755 3684 Rom..
764 3633 851 3684 vt11‚6.
864 3655 895 3666 -·
904 3645 925 3692 3.
939 3633 1074 3680 Prudentia
1085 3633 1114 3680 in
1129 3633 1224 3680 ratione
1237 3639 1287 3686 est:
1297 3647 1375 3694 regere
1391 3637 1472 3680 auteur
1483 3637 1507 3678 et

395 3708 532 3770 gubernare
536 3707 635 3765 proprie
647 3706 753 3752 rationis
761 3711 796 3751 est
804 3722 815 3759 ,·
823 3713 847 3753 et
856 3707 906 3753 ideo
921 3708 1084 3769 unusquisque
1092 3708 1241 3768 inquantum
1254 3708 1392 3770 participat
1400 3709 1429 3754 de
1442 3706 1506 3768 negi-

399 3783 465 3828 utine
480 3786 504 3828 et
511 3781 687 3840 gubernatione.
699 3781 825 3826 intantum
834 3783 944 3828 conuenit
956 3783 1004 3828 sttt
1013 3783 1098 3829 habere
1108 3783 1225 3829 rationein
1235 3787 1258 3829 et
1263 3783 1428 3843 prudentiane.
1442 3783 1504 3829 Ma·

397 3860 513 3920 nisesturn
527 3861 646 3903 astantem
660 3857 724 3916 quod
735 3857 834 3911 subditi,
846 3858 994 3917 inquantum
1008 3864 1042 3905 est
1055 3859 1171 3912 subditus.
1183 3865 1207 3905 et
1219 3858 1292 3913 serui,
1312 3859 1461 3918 inquantum
1473 3865 1507 3905 est

398 3949 487 3987 servus,
499 3947 547 3980 non
562 3940 680 3994 asingen
688 3937 712 3980 et
719 3935 861 3994 gubernare,
873 3935 914 3981 sed
926 3935 1003 3996 uragu
1012 3936 1065 3996 regi
1078 3940 1103 3982 et
1106 3935 1248 3996 gubernari.
1261 3935 1297 3981 Et
1307 3935 1359 3981 ideo
1364 3934 1501 3995 prudentia

397 4026 445 4058 non
465 4016 499 4056 est
516 4010 598 4056 virtus
613 4011 685 4064 servi,
705 4009 853 4069 inquantum
862 4016 897 4057 est
911 4025 999 4065 seruus,
1017 4026 1058 4057 nec
1071 4011 1169 4064 sudditi.
1184 4011 1330 4072 inquantum
1341 4011 1501 4057 ertsubditus.

397 4087 447 4133 Sed
459 4087 518 4146 quia
529 4087 632 4146 quilibet
647 4088 713 4134 Ιιοιω
724 4087 872 4146 inquantum
886 4093 920 4133 est
928 4087 1064 4142 rationalis,
1080 4088 1219 4149 participat
1231 4087 1332 4147 aliquid
1339 4089 1369 4134 de
1384 4087 1506 4148 regimine

397 4162 526 4209 uuunduut
532 4162 666 4208 arbitrium
672 4163 785 4214 rationis,
795 4161 920 4208 intantum
926 4164 1037 4209 convenit
1046 4163 1070 4210 ei
1073 4164 1231 4223 prudentiam
1240 4164 1330 4210 haben.
1344 4163 1414 4210 Unde
1421 4163 1503 4208 nani·

390 4239 484 4299 sertum
497 4243 531 4284 est
546 4239 609 4297 quad
619 4239 752 4296 prudentia
764 4239 859 4302 quidem
873 4239 1020 4300 inprincipe
1029 4241 1106 4286 estad
1118 4242 1212 4286 modurn
1222 4241 1285 4286 artis
1293 4239 1501 4291 architectonicae.

399 4320 429 4360 ut
437 4316 533 4362 dicetur
541 4317 568 4362 iu
587 4317 622 4362 Vl
631 4315 769 4362 Ethicorum
782 4331 788 4371 ;
802 4317 831 4362 in
844 4317 946 4364 sudditis
955 4323 1035 4364 autern
1044 4318 1080 4364 ad
1091 4319 1186 4364 modun
1202 4317 1266 4363 artis
1281 4331 1358 4365 runnu
1371 4319 1501 4378 operantis.

398 4389 424 4437 S.
436 4389 524 4436 Thom.
539 4389 609 4442 llll.
621 4389 713 4446 Quoest.
727 4400 810 4443 xuvn.
823 4399 866 4438 arr.
881 4401 929 4439 xn.
