3352 4926
391 254 463 341 246
565 267 747 320 sersaoni
767 253 787 285 ‘⁴
806 265 1034 319 PASTORALIS
1052 265 1301 318 vrornaurrnrc
1318 301 1339 329 „

240 457 335 557 nqu
388 444 540 524 adiicere,
549 465 636 529 quae
645 445 789 529 pretium
802 464 875 508 esse
886 443 1041 509 ducimus
1052 443 1300 508 communicare
1309 443 1499 520 vobiscum,

255 556 323 615 1891·
388 566 440 625 ne,
455 567 558 630 quum
576 547 664 612 ultro
678 547 792 613 oblata
808 547 903 612 vobis
919 547 962 610 sit
977 548 1144 611 scribendi
1164 547 1306 624 occasio,
1320 547 1499 611 videamur

388 650 534 734 segniter
549 651 658 716 officio
675 650 802 716 Nostro
816 649 970 716 defuisse.

289 769 362 816 Mara
434 756 537 822 Haud
554 777 614 822 vos
629 756 797 840 praeterit,
812 747 925 820 dilecti
953 752 1010 818 filii
1038 754 1163 832 Nostri,
1179 754 1398 820 Venerabiles
1414 755 1499 819 Fra-

207 835 350 952 {⁶722ssss
388 871 465 940 tres,
491 862 582 944 quod
611 861 805 926 Bracarensi
831 859 941 924 coetui
969 859 1097 941 optime
1124 870 1332 943 compertum
1357 858 1429 939 suit,
1453 881 1500 926 eo

203 949 314 1057 {22ssss
324 949 363 1053 ἕξ·
387 968 569 1031 deventum
585 985 659 1029 esse
674 975 712 1029 ut
727 963 810 1029 fides
826 965 899 1046 ipsa
914 963 1004 1046 apud
1021 963 1132 1045 plures
1147 963 1181 1027 in
1202 965 1382 1030 discrimen
1396 984 1498 1030 voce·

210 1074 272 1120 cara.
310 1081 362 1112 Μ·
388 1077 451 1145 tur,
475 1070 627 1152 adeoque
650 1070 837 1134 cavendum
864 1087 926 1150 pro
947 1067 1073 1131 viribus
1099 1068 1143 1132 sit
1165 1087 1207 1132 ne
1229 1069 1420 1152 ignorantia
1442 1068 1499 1133 vel

209 1142 274 1234 ΞΥ
291 1141 363 1246 ηαῗῖ
388 1173 542 1236 socordia
556 1192 602 1236 ex
618 1172 739 1236 animis
761 1172 899 1236 excidat
919 1179 978 1235 aut
994 1170 1220 1253 elanguescat,
1234 1173 1292 1236 sed
1308 1173 1498 1238 curandum

211 1247 312 1294 ’ΝΜ
389 1285 426 1340 ut
438 1277 575 1342 haereat
590 1276 658 1341 alte
669 1275 783 1342 defixa
794 1276 951 1340 cordibus
963 1284 997 1339 et
1009 1276 1042 1339 in
1056 1275 1152 1340 bonis
1164 1277 1320 1359 operibus
1336 1277 1499 1360 cultuque

387 1381 548 1445 virtutum
562 1381 684 1446 laetam
697 1380 816 1466 gignat
830 1381 963 1464 copiam
980 1389 1015 1446 et
1030 1380 1242 1445 dulcedinem
1258 1379 1391 1464 frugum
1407 1383 1497 1465 opti-

389 1505 528 1550 marum.
545 1485 752 1552 Certandum
769 1496 820 1551 est
835 1485 994 1550 adversus
1017 1495 1158 1549 conatus
1182 1485 1329 1551 hostium
1345 1485 1500 1551 veritatis

389 1608 431 1654 ne
446 1589 546 1654 latius
561 1599 674 1672 serpat
699 1590 787 1655 mala
811 1590 904 1656 labes
928 1609 1016 1673 quae
1038 1611 1083 1654 ex
1107 1609 1222 1655 eorum
1238 1590 1405 1674 exemplis
1420 1610 1499 1676 pra-

388 1691 505 1775 'visque
521 1692 682 1757 doctrinis
696 1694 821 1776 passim
847 1691 961 1758 effusis
977 1702 1165 1776 promanat.
1189 1694 1300 1759 Multa
1322 1705 1403 1759 sunt
1416 1715 1499 1760 con·

389 1795 540 1858 sananda
556 1794 702 1872 vulnera,
718 1817 804 1880 quae
820 1797 959 1860 istorum
976 1796 1071 1861 labor
1085 1796 1258 1880 improbus
1273 1805 1308 1862 et
1321 1796 1500 1862 calamitas

389 1905 579 1978 temporum
615 1899 773 1983 gregibus
803 1895 917 1964 intulit
947 1899 1110 1963 curationi
1139 1908 1270 1963 vestrae
1299 1899 1500 1976 commissis,

390 1998 496 2064 multa
522 2012 601 2067 sunt
624 2003 807 2068 excitanda
830 2023 916 2086 quae
944 2005 1062 2081 iacent,
1086 2003 1211 2068 multae
1235 2003 1345 2068 adhuc
1366 2003 1500 2067 animas

391 2102 539 2169 fidelium
556 2117 713 2189 premunt
730 2108 1002 2185 necessitudines,
1024 2127 1118 2191 quas,
1137 2109 1165 2171 si
1192 2107 1326 2190 penitus
1349 2105 1424 2172 tolli
1440 2125 1499 2170 ne·

389 2219 527 2290 queunt,
542 2210 637 2274 leniri
653 2212 773 2276 saltem
788 2220 931 2294 oportet.

261 2355 366 2414 om„
436 2312 542 2392 Haec,
565 2334 661 2398 quae,
687 2316 735 2380 uti
761 2315 922 2394 diximus,
945 2335 1042 2380 curas
1067 2313 1223 2398 flagitant
1240 2325 1276 2380 et
1297 2313 1501 2379 industriam

214 2415 333 2521 {fflcffi
391 2425 536 2482 vestram
552 2417 685 2500 plenius
708 2427 742 2484 et
763 2419 974 2484 commodius
999 2416 1085 2482 effici
1101 2426 1261 2501 poterunt
1275 2418 1303 2480 si
1326 2415 1447 2481 arctior
1462 2415 1501 2480 in

216 2481 283 2604 tii„
314 2547 366 2579 con-
390 2517 463 2583 dies
478 2520 566 2583 inter
580 2540 748 2586 sacrorum
765 2521 947 2587 Antistites
963 2521 1142 2586 concordia
1162 2519 1426 2602 detentumque
1455 2519 1503 2584 sit

208 2594 369 2714 §22⁸⁰ssss
391 2642 494 2705 opera
520 2625 728 2688 coniunctior
743 2625 777 2690 in
794 2625 1048 2691 necessitatibus
1063 2625 1142 2690 cleri
1158 2635 1192 2690 et
1215 2623 1363 2690 fidelium
1380 2623 1501 2707 explo-

218 2713 352 2817 ssssjssssm
392 2725 514 2802 randis,
544 2725 578 2790 in
608 2727 818 2792 conferendis
845 2729 995 2793 conciliis
1021 2749 1060 2792 ac
1086 2726 1306 2793 decernendis
1333 2728 1383 2804 iis,
1412 2745 1502 2810 quae

218 2835 325 2890 msrat.
392 2829 615 2896 communiter
629 2829 700 2894 visa
715 2831 838 2898 suerint
853 2833 1015 2916 expedire
1030 2853 1107 2897 cum
1134 2831 1340 2914 singularum
1368 2831 1501 2896 dioece-

317 3004 320 3010 ,
392 2932 479 2997 sium
492 2934 686 3013 rationibus,
695 2945 767 3000 tum
778 2936 818 3000 iis
829 2956 917 3020 quae
926 2936 1027 3001 latius
1042 2947 1161 3021 patent
1176 2947 1211 3001 et
1225 2935 1325 3001 altius
1341 2936 1503 3010 eminent,

392 3036 517 3121 quippe
543 3038 664 3121 quibus
685 3041 799 3122 ’gentis
823 3043 997 3106 universae
1017 3041 1222 3125 prosperitas
1237 3049 1271 3104 et
1287 3037 1378 3102 salus
1393 3038 1501 3102 couti·

394 3151 499 3206 netur.
518 3141 682 3210 Arctioris
708 3143 807 3208 huius
828 3145 1087 3209 consociationis
1113 3144 1200 3208 inter
1213 3161 1383 3208 sacrorum
1400 3141 1504 3205 Anti-

394 3245 489 3309 stites
514 3247 749 3328 opportunitas
776 3249 914 3313 rninirne
938 3249 1037 3313 latuit
1062 3267 1177 3312 eorum
1202 3244 1415 3332 prudentiam
1441 3245 1501 3327 qui

395 3349 573 3414 Bracaram
591 3350 782 3434 Augustam
799 3372 1005 3417 convenere:
1020 3372 1124 3436 quare
1139 3350 1375 3435 probatissima
1390 3346 1505 3413 Nobis

394 3472 436 3517 ea
450 3452 534 3516 scita
545 3451 679 3518 suerunt
690 3453 827 3519 illustris
838 3466 954 3520 coetus
966 3475 1053 3539 quae
1067 3457 1110 3520 ad
1126 3455 1212 3518 hanc
1228 3451 1503 3519 coniunctionem

395 3555 575 3621 fovendam
602 3558 810 3639 spectabant,
834 3580 1018 3644 perquam
1044 3559 1152 3624 fidelis
1167 3558 1313 3643 populus
1336 3554 1505 3638 ampliora

395 3669 555 3744 expectat
570 3680 676 3744 eaque
691 3662 849 3727 diuturna
864 3663 1041 3728 benefacta
1056 3684 1076 3728 a
1092 3661 1303 3728 Praesulibus
1328 3661 1405 3736 suis,
1427 3657 1505 3742 qui-

395 3767 459 3831 bus
473 3764 615 3831 ducibus
630 3774 664 3828 et
679 3766 862 3830 rectoribus
879 3769 990 3832 utitur.

221 3851 372 3957 ,fflg‘o'jf
440 3869 547 3953 Atqui
574 3870 617 3934 ad
642 3889 808 3934 summam
833 3871 920 3936 hanc
944 3871 1069 3954 diuque
1084 3871 1277 3934 duraturam
1293 3865 1505 3932 coniunctio-

220 3970 328 4074 jfflen
396 3994 473 4040 nem
489 3973 699 4039 efficiendam
725 3975 806 4039 nihil
822 3973 1054 4058 praestabilius
1073 3983 1125 4038 est
1140 3993 1232 4038 more
1247 3981 1281 4038 et
1296 3971 1452 4037 instituto
1467 3970 1504 4033 in

221 4089 348 4158 conferunt
396 4077 469 4142 aliis
484 4078 674 4162 regionibus
690 4077 757 4141 iam
777 4086 920 4161 recepto,
944 4087 981 4141 ut
1007 4087 1139 4161 praeter
1160 4073 1413 4158 congressiones
1428 4073 1504 4155 qui-

222 4148 373 4252 wopam
396 4182 458 4245 bus
467 4182 569 4245 etiarn
580 4181 656 4245 laici
668 4179 782 4246 fideles
798 4182 963 4245 intersunt
977 4179 1180 4264 (cuiusmodi
1192 4187 1308 4244 coetus
1320 4177 1504 4240 Bracarcn-

221 4270 306 4371 ζξζζξω
328 4279 371 4311 ⁰*
396 4289 440 4352 sis
457 4286 532 4369 fuit)
547 4294 690 4369 agantur
704 4287 887 4368 quotannis
897 4285 1080 4368 peculiares
1093 4284 1338 4368 Episcoporum
1354 4299 1503 4346 conven-
