3364 4928
228 353 278 404 DE
298 354 521 407 PRAECIPUIS
541 353 678 405 CIVlUM
698 349 1016 403 CHRISTIANORUM
1036 349 1206 401 OFFlCllS.
1236 351 1278 401 21

170 529 299 595 habent
323 551 458 615 semper
480 533 617 616 aliquid,
633 531 724 614 quod
754 527 904 614 pontifici
922 537 1149 594 succenseant.
1166 529 1283 594 Istius·
1318 537 1453 634 uggffl

171 635 265 698 modi
290 633 467 701 homiuum
494 635 673 720 prudentia
690 655 735 700 ex
752 655 793 700 eo
817 643 868 699 est
888 654 1019 718 genere,
1033 634 1124 718 quod
1141 651 1167 699 a*
1178 634 1285 699 Paulo
1350 635 1416 694 1890·
1454 614 1460 625 ⁵

172 737 342 822 Apostolo
366 741 530 823 sapientia
552 725 664 806 caricis
688 751 722 805 et
748 759 836 804 mors
860 737 963 803 animi
989 737 1188 820 appellatur,
1203 739 1283 823 quia

170 863 233 906 nec
248 843 364 909 subest
395 845 459 928 legi
475 845 618 922 divinae,
634 864 696 909 nec
710 852 822 927 potest
838 843 975 907 subesse
990 843 1040 926 (¹).
1059 841 1151 908 Nihil
1169 853 1283 909 autem
1311 846 1463 950 Quapnoci·

172 943 285 1008 minus
301 947 404 1011 estad
418 946 507 1012 mala
523 946 705 1012 minuenda
721 945 907 1030 providum.
918 944 1070 1010 Inimicis
1081 945 1181 1022 enim,
1192 945 1283 1028 quod
1309 919 1463 1010 ἷῖιῗιιῖἷῖῗ

172 1047 367 1128 praedicare
381 1059 416 1114 et
428 1051 462 1114 in
477 1069 546 1135 quo
557 1050 692 1133 gloriari
710 1048 808 1114 multi
824 1068 939 1114 eorum
957 1069 1023 1113 non
1038 1047 1205 1124 dubitant,
1220 1048 1283 1114 hoc
1309 1023 1451 1071 ΜΨ·

172 1161 226 1216 est
239 1153 381 1218 omnino
411 1155 630 1239 propositum,
656 1153 852 1238 religionem
873 1152 1084 1231 catholicam,
1098 1129 1186 1235 quae
1206 1173 1285 1219 vera

173 1253 247 1318 sola
257 1266 322 1333 est,
334 1255 493 1336 funditus,
509 1257 537 1322 si
547 1255 616 1322 lieri
634 1267 757 1340 posset,
768 1257 976 1340 extinguere.
987 1257 1064 1321 Tali
1076 1267 1189 1322 autem
1205 1278 1284 1322 con·

173 1357 251 1423 silio
281 1360 364 1426 nihil
391 1381 458 1428 non
485 1363 633 1426 audent:
658 1363 807 1427 sentiunt
835 1361 934 1438 enim,
952 1381 1021 1444 quo
1049 1363 1155 1443 magis
1185 1360 1284 1427 luerit

173 1463 317 1528 aliorum
342 1465 538 1530 tremefacta
554 1465 667 1544 virtus,
682 1486 724 1530 eo
747 1464 810 1530 sibi
837 1464 1082 1548 expeditiorem
1100 1463 1170 1528 iore
1182 1462 1285 1528 mala·

174 1584 251 1630 rum
290 1586 398 1632 rerum
436 1565 640 1635 facultatem.
665 1569 786 1651 Itaque
810 1568 867 1651 qui
889 1569 1050 1634 adamant
1068 1559 1285 1650 prudentiam

173 1668 295 1744 camis,
311 1688 350 1733 ac
366 1671 492 1734 nescire
507 1691 544 1734 se
559 1671 726 1749 simulant,
741 1671 958 1736 christianum
972 1691 1139 1755 quemque
1162 1671 1285 1736 debere

175 1769 304 1836 bonum
331 1773 471 1839 militem
489 1775 613 1841 Christi
632 1795 705 1840 esse
717 1799 724 1840 :
736 1775 793 1860 qui
806 1773 921 1840 debita
941 1775 1122 1840 victoribus
1134 1776 1284 1859 praemia

172 1875 335 1958 consequi
364 1877 560 1944 mollissima
581 1879 635 1944 via
661 1888 763 1962 atque
779 1879 894 1944 intacti
911 1901 931 1942 a
958 1879 1140 1944 certamine
1156 1878 1282 1958 volunt,

175 1978 197 2040 ii
212 1987 344 2044 tantum
369 1981 466 2048 abest
486 1991 524 2048 ut
540 1983 602 2046 iter
618 1983 782 2048 malorum
798 1983 1020 2066 intercipiant,
1036 1993 1072 2048 ut
1095 1985 1207 2066 potius
1222 2005 1283 2048 ex·

175 2083 325 2166 pediant.

218 2185 349 2252 Contra
365 2208 431 2253 non
445 2190 542 2272 pauci
558 2189 669 2254 fallaci
685 2189 799 2255 studio
824 2191 976 2273 permoti,
992 2198 1060 2266 aut,
1070 2190 1161 2272 quod
1174 2188 1280 2272 magis
1332 2207 1459 2254 Nonsecus

172 2301 262 2356 esset
285 2292 377 2369 vitio,
399 2292 490 2357 aliud
515 2304 664 2376 agentes,
680 2294 772 2358 aliud
797 2293 1001 2373 simulantes,
1022 2313 1089 2358 non
1117 2313 1195 2358 suas
1216 2291 1279 2355 sibi
1302 2266 1458 2384 jaff?

174 2405 288 2477 partes
297 2405 482 2463 assumunt.
499 2397 567 2462 Res
583 2399 616 2462 in
635 2398 786 2462 Ecclesia
801 2398 871 2481 geri
895 2418 957 2463 suo
982 2399 1128 2482 ipsorum
1157 2396 1281 2462 iudicio
1305 2385 1459 2504 {ffl'ffi

175 2510 278 2580 atque
293 2499 457 2566 arbitratu
473 2499 596 2566 vellent
612 2521 717 2584 usque
729 2522 780 2580 eo,
789 2511 826 2567 ut
841 2521 941 2566 omne
956 2502 1047 2585 quod
1058 2521 1151 2566 secus
1162 2501 1282 2584 agitur,
1303 2508 1458 2621 2⁶12?ssssss

174 2601 316 2668 moleste
331 2602 448 2682 ierant,
462 2614 522 2670 aut
543 2614 769 2688 repugnanter
783 2605 957 2688 accipiant.
974 2603 1020 2668 Hi
1035 2604 1172 2688 quidem
1189 2603 1280 2666 inanr
1305 2621 1459 2692 utrum-

171 2707 392 2772 contentione
418 2708 582 2787 laborant,
604 2709 708 2774 nihilo
734 2709 854 2788 minus,
869 2729 970 2794 quam
987 2708 1092 2788 alteri,
1105 2707 1280 2790 reprehen·
1305 2685 1458 2786 2352?ssss

174 2810 288 2878 dendi.
306 2812 382 2877 Hoc
408 2814 499 2878 enim
515 2824 566 2878 est
590 2834 657 2880 non
684 2815 778 2898 sequi
794 2821 996 2897 potestatem
1013 2811 1209 2896 legitimam,
1220 2809 1280 2876 sed
1304 2803 1411 2845 ''mm'‘

177 2926 396 2996 praevertere,
416 2917 582 3003 simulque
615 2919 871 3002 magistratuum
909 2917 1024 2984 munia
1053 2919 1096 2982 ad
1133 2917 1281 3000 privatos

174 3038 300 3098 rapere,
324 3039 448 3103 magna
472 3042 547 3086 cum
575 3023 827 3106 perturbatione
853 3023 989 3099 ordinis,
1010 3041 1110 3106 quem
1138 3021 1230 3084 Deus
1246 3019 1279 3083 in

183 3121 335 3188 Ecclesia
354 3143 414 3188 sua
438 3135 602 3208 perpetuo
624 3127 824 3192 servandum
852 3127 1038 3204 constituit,
1066 3146 1127 3190 nec
1154 3123 1234 3188 sinit
1260 3143 1281 3187 a

175 3246 349 3312 quoquam
372 3227 510 3312 impune
525 3228 651 3297 violari.
668 3267 713 3280 -·
730 3229 783 3294 Illi
803 3232 940 3314 optime,
955 3228 1012 3313 qui
1028 3228 1231 3294 descendere
1246 3227 1280 3291 in
1364 3259 1460 3319 opu-„e

173 3341 355 3408 certamen,
369 3333 646 3417 quotiescumque
661 3342 712 3398 est
737 3353 831 3417 opus,
851 3353 918 3398 non
950 3341 1113 3410 recusant,
1128 3330 1192 3396 hoc
1208 3341 1281 3396 rato
1305 3323 1367 3365 “⁷“
1413 3318 1459 3388 ll?

1304 3384 1459 3436 strenueque·

80 3429 90 3448 '
148 3455 411 3530 ‚persuasoque
426 3437 635 3503 interituram
662 3437 729 3502 vim
756 3437 924 3516 iniustam,
948 3437 1186 3520 sanctitatique
1201 3436 1281 3501 iuris
1305 3437 1459 3544 mm*

176 3548 212 3602 et
227 3537 396 3622 religionis
412 3538 594 3623 aliquando
608 3561 785 3606 cessuram.
798 3541 864 3624 Qui
881 3541 1036 3606 videntur
1048 3560 1129 3604 sane
1140 3541 1279 3623 dignum
1305 3556 1371 3601 crtus
1414 3561 1458 3623 pq-

173 3641 302 3725 aliquid
318 3643 456 3727 antiqua
472 3645 594 3709 virtute
607 3645 784 3727 suscipere,
795 3666 870 3710 cum
888 3647 972 3710 tueri
989 3644 1184 3728 religionem
1201 3664 1280 3708 con·
1305 3620 1458 3720 {camum

172 3746 327 3810 nituntur
347 3748 495 3812 maxime
522 3751 680 3813 adversus
708 3748 887 3814 factionem
914 3748 1181 3827 audacissimam,
1196 3747 1281 3812 chri·
1306 3732 1455 3779 mmm·

174 3850 643 3934 stianonominiexagitando
654 3864 874 3936 natamquae
885 3851 1082 3918 Pontificem
1094 3853 1280 3916 maximum

174 3958 210 4019 in
238 3975 335 4020 suam
365 3957 537 4021 redactum
563 3966 765 4040 potestatem
798 3959 981 4024 consectari
1012 3956 1180 4022 hostiliter
1214 3961 1280 4020 non

172 4057 327 4122 desistit:
343 4060 402 4123 sed
429 4059 640 4125 obedientiae
669 4061 816 4126 studium
833 4061 1010 4144 diligenter
1032 4060 1185 4138 retinent,
1201 4059 1282 4124 nihil

175 4161 318 4244 aggredi
335 4161 459 4226 iniussu
487 4163 586 4229 soliti.
604 4163 757 4228 Iamvero
785 4164 943 4247 quoniam
968 4163 1086 4229 similis
1110 4163 1283 4243 obtempe-

206 4343 228 4377 ι.
244 4329 374 4392 Sapientia
388 4331 473 4377 carnis
489 4330 594 4378 inimica
604 4335 638 4378 est
648 4331 766 4392 Deorlegr'
779 4332 847 4380 enim
864 4331 913 4378 Dei
928 4347 977 4379 non
992 4337 1025 4378 esi
1041 4332 1143 4380 subiecta
1152 4332 1283 4378 :necerim

172 4411 260 4468 potat
271 4405 352 4461 Rom..
364 4416 410 4459 vu,
422 4408 445 4460 6,
462 4420 483 4464 7.
