3354 4938
443 269 512 336 190
581 269 769 324 emmane
796 271 953 325 aucvcc.
976 259 996 290 “
1015 273 1148 326 aenou
1166 276 1355 330 uovnuuu
1373 313 1394 341 ‚,

258 441 373 550 uleecch
373 459 410 548 ⁸,ss
480 439 575 523 Quos
589 450 712 516 tamen,
723 439 750 503 si
762 439 950 504 christianis
961 442 1148 524 praeceptis
1160 443 1340 526 paruerint,
1351 463 1468 527 parum
1489 457 1536 510 est

258 561 409 622 srunaprae-
435 543 595 622 amicitia,
610 563 705 608 arnor
714 544 815 607 etiam
832 542 996 610 fraternus
1012 545 1098 608 inter
1113 563 1149 610 se
1164 546 1368 630 contugabit.
1387 547 1536 614 Sentient

257 627 408 728 musy·
436 647 525 711 enirn
557 658 590 713 et
621 647 817 732 intelligent,
834 667 965 713 omnes
1003 649 1103 732 plane
1139 650 1293 714 homines
1323 671 1343 715 a
1369 656 1534 734 communi

253 741 391 846 ffffssssss„
434 759 574 830 parente
590 751 666 814 Deo
682 761 884 834 procreatos:
895 771 1013 815 omnes
1025 753 1067 816 ad
1079 754 1235 818 eumdem
1257 753 1358 818 finem
1374 755 1533 821 bonorum

292 859 409 928 operum
434 853 581 931 tendere,
593 852 650 936 qui
667 853 762 918 Deus
778 861 829 918 est
845 855 925 936 ipse,
942 856 998 936 qui
1015 855 1144 920 afficere
1169 856 1377 943 beatitudine
1392 859 1534 942 perfecta

256 919 409 1038 wlff„
434 966 537 1040 atque
552 957 707 1022 absoluta
723 967 757 1022 et
773 958 926 1022 homines
936 967 970 1022 et
979 959 1132 1042 Angelos
1144 980 1230 1024 unus
1242 971 1354 1044 potest
1369 987 1376 1027 :
1389 965 1535 1046 singulos

259 1049 367 1176 {m
376 1113 408 1170 ᾖ·
434 1061 515 1126 item
532 1062 656 1145 pariter
671 1081 744 1124 esse
761 1062 847 1127 IESU
865 1061 1024 1128 CHRISTI
1039 1063 1203 1129 beneficio
1230 1066 1421 1148 redemptos
1443 1079 1480 1133 et
1504 1071 1532 1133 in

258 1173 304 1224 nis,
434 1166 634 1249 dignitatern
654 1165 797 1230 filiorum
826 1165 891 1229 Dei
907 1167 1103 1243 vindicatos,
1118 1177 1156 1232 ut
1178 1168 1278 1251 plane
1294 1173 1535 1238 necessitudine

256 1237 408 1301 Uunrrslr’e·
435 1268 451 1332 s
709 1269 717 1284 ·
1017 1271 1025 1284 ·
1284 1273 1291 1286 ·
1474 1278 1483 1292 .

257 1300 370 1359 reaper,
447 1279 578 1334 raterna
603 1290 679 1334 curn
708 1279 794 1333 mter
821 1279 856 1333 se
882 1278 1082 1334 rumenam
1110 1291 1186 1335 cum
1212 1271 1348 1338 Chnsto
1379 1273 1535 1352 Domino,

253 1359 410 1464 ww,
425 1375 645 1459 primogenito
661 1379 696 1438 in
712 1373 828 1438 multis
832 1374 1014 1455 fratribus,
1029 1375 1273 1442 contineantur.
1290 1379 1377 1442 Item
1399 1389 1534 1445 naturae

248 1477 408 1603 filialem
432 1481 531 1558 bona,
561 1499 701 1543 munera
734 1479 862 1562 gratiae
899 1479 1034 1580 divinae
1060 1479 1227 1562 pertinere
1257 1483 1482 1548 communiter
1504 1496 1534 1548 et

252 1605 397 1661 gratiamur
432 1585 621 1668 promiscue
636 1583 679 1647 ad
695 1603 801 1667 genus
816 1583 991 1647 hominum
1012 1583 1213 1663 universum,
1237 1605 1298 1650 nec
1324 1607 1534 1671 quemquam,

257 1664 388 1710 ‘mm'
433 1689 497 1752 nisi
525 1687 712 1771 indignum,
737 1688 902 1751 bonorum
926 1684 1120 1750 caelestium
1148 1685 1217 1751 fieri
1249 1690 1462 1754 exheredem.
1495 1691 1536 1755 Si

430 1803 540 1856 autem
553 1791 636 1875 filii,
651 1801 683 1855 et
696 1790 847 1855 heredes:
861 1789 992 1853 heredes
1005 1789 1135 1872 quidem
1162 1791 1237 1869 Dei,
1251 1791 1414 1856 coheredes
1427 1804 1534 1858 autem

434 1896 560 1962 Christi
578 1897 624 1980 ().

473 2001 566 2066 Talis
588 2010 640 2066 est
666 1999 774 2064 forma
798 1999 982 2063 officiorum
1010 2019 1048 2061 ac
1074 1998 1204 2076 iurium,
1229 2019 1330 2082 quarn
1351 2001 1530 2065 christiana
1618 2081 1621 2090 Α

428 2105 643 2194 philosophia
657 2103 840 2188 profitetur.
857 2101 980 2166 Nonne
1001 2103 1190 2186 quieturum
1217 2105 1367 2186 perbrevi
1383 2114 1533 2188 ternpore

429 2221 599 2276 certarnen
616 2229 716 2274 omne
732 2207 894 2285 videatur,
908 2205 966 2270 ubi
978 2206 1035 2269 illa
1045 2207 1078 2270 in
1100 2207 1189 2271 civili
1201 2209 1358 2273 convictu
1378 2210 1505 2274 valeret
1522 2209 1532 2269 t

256 2333 284 2384 30
298 2327 402 2396 nem
472 2315 629 2399 Denique
644 2334 706 2377 nec
722 2314 803 2377 satis
818 2310 920 2376 habet
938 2311 1088 2375 Ecclesia
1103 2311 1192 2376 viam
1210 2313 1428 2378 inveniendae
1439 2333 1533 2378 cura·

250 2388 401 2503 imm.
426 2419 529 2485 tionis
549 2418 735 2494 ostendere,
754 2417 812 2480 sed
829 2414 988 2479 admovet
1004 2435 1064 2478 sua
1091 2435 1193 2480 manu
1210 2418 1417 2482 medicinam.
1439 2417 1531 2481 Nam

248 2503 288 2548 ’ἡ
304 2506 402 2552 “m‘'
427 2532 499 2589 tota
511 2525 545 2586 in
562 2542 603 2588 eo
618 2531 670 2588 est
688 2529 725 2586 ut
740 2521 784 2585 ad
795 2519 1005 2602 disciplinam
1022 2519 1277 2602 doctrinamque
1293 2542 1387 2586 suam
1397 2521 1534 2586 excolat

249 2572 400 2612 lNS'l'l'l'UTlS

247 2681 273 2740 a)
293 2634 400 2730 {1:¹2¹OE
425 2626 582 2688 homines
597 2634 699 2708 atque
714 2624 888 2688 instituat:
903 2622 996 2686 cuius
1007 2622 1179 2688 doctrinae
1190 2617 1424 2689 saluberrimos
1436 2625 1539 2700 rivos,

248 2741 389 2813 inseruit·
429 2728 675 2811 Episcoporum
698 2735 732 2791 et
748 2726 837 2793 Cleri
858 2745 970 2807 opera,
984 2745 1087 2808 quam
1111 2726 1273 2789 latissime
1293 2735 1414 2810 potest,
1439 2739 1533 2792 curat

243 2807 398 2906 ileliffl'
425 2831 651 2898 deducendos.
668 2831 802 2895 Deinde
817 2829 999 2914 pervadere
1014 2829 1047 2892 in
1059 2830 1190 2894 animos
1203 2831 1320 2895 nititur
1336 2831 1534 2915 flectereque

245 2919 398 3026 ssssmffiss
426 2935 629 3014 voluntates,
652 2944 689 3001 ut
711 2933 899 3000 divinorum
923 2933 1101 3016 disciplina
1122 2943 1377 3016 praeceptorum
1401 2935 1470 3016 regi
1497 2955 1534 2997 se

243 3037 399 3150 Jjjtmmffi
425 3041 670 3124 gubernarique
686 3039 865 3122 patiantur.
886 3037 1002 3120 Atque
1021 3037 1055 3101 in
1077 3037 1140 3101 hac
1156 3048 1261 3120 parte,
1275 3057 1362 3121 quae
1379 3038 1534 3122 princeps

245 3170 286 3200 ma
321 3158 396 3227 net·
425 3155 476 3210 est
491 3165 530 3208 ac
547 3143 722 3229 permagni
733 3142 905 3220 momenti,
914 3141 993 3226 quia
1003 3161 1135 3206 summa
1146 3142 1330 3208 utilitatum
1347 3163 1534 3228 caussaque

241 3229 306 3334 ,Ἤ
319 3222 396 3264 ‘mm‘
426 3257 499 3313 tota
522 3250 554 3312 in
574 3249 647 3331 ipsa
671 3247 823 3312 consistit
839 3247 990 3312 Ecclesia
1005 3245 1141 3327 quidem
1163 3265 1230 3310 una
1245 3255 1358 3330 potest
1374 3249 1535 3312 maxime.

426 3350 558 3436 Quibus
570 3353 659 3416 enirn
675 3350 906 3416 instrumentis
929 3352 972 3415 ad
998 3350 1244 3433 permovendos
1271 3349 1403 3414 animos
1419 3351 1534 3427 utitur,

425 3476 465 3522 ea
476 3456 539 3520 sibi
551 3457 637 3521 hanc
647 3457 754 3539 ipsam
764 3456 809 3519 ob
824 3473 976 3519 caussam
989 3454 1113 3518 tradita
1129 3473 1149 3517 a
1162 3453 1250 3518 IESU
1266 3453 1433 3520 CHRISTO
1445 3465 1536 3530 sunt,

422 3559 648 3643 virtutemque
672 3558 799 3623 habent
821 3557 982 3622 divinitus
1014 3557 1159 3622 insitam.
1191 3555 1385 3622 Istiusmodi
1409 3557 1533 3623 instru-

423 3674 537 3730 menta
549 3663 620 3730 sola
636 3673 723 3740 sunt,
738 3683 825 3747 quae
840 3662 948 3727 cordis
960 3663 1126 3745 attingere
1137 3663 1324 3743 penetrales
1345 3662 1438 3726 sinus
1452 3675 1535 3747 apte

420 3778 554 3852 queant,
575 3767 813 3849 hominemque
828 3766 994 3830 adducere
1018 3775 1056 3829 ut
1081 3765 1294 3830 obedientem
1316 3785 1351 3828 se
1368 3766 1531 3848 praebeat

422 3869 543 3950 officio,
569 3880 681 3936 motus
703 3868 807 3934 animi
830 3869 1020 3952 appetentis
1043 3878 1146 3950 regat,
1169 3869 1281 3932 Deum
1305 3879 1338 3934 et
1353 3869 1534 3951 proximos

422 3977 561 4040 caritate
591 3975 711 4058 diligat
740 3972 901 4056 singulari
931 3993 970 4037 ac
1000 3992 1142 4044 summa,
1171 3973 1352 4055 omniaque
1378 3973 1533 4038 animose

421 4087 624 4162 perrumpat,
641 4097 726 4161 quae
741 4077 874 4142 virtutis
890 4076 1079 4160 impediunt
1093 4095 1234 4140 cursum.

448 4319 472 4352 1.
485 4305 639 4360 Rom.,v1u,
653 4317 687 4364 17.
