3352 4926
528 261 650 348 rnnax
677 296 926 348 2222222222.
1210 293 1280 366 297

1228 444 1282 496 Pag.

241 525 344 579 horum
357 524 538 594 collegiorum
551 522 710 594 respublica
721 521 844 578 maxime
857 521 981 578 futurum
994 521 1115 594 historia
1127 522 1211 578 docet

241 617 302 670 227.
319 632 350 643 -
363 603 443 658 Sicut
456 601 539 673 primi
552 601 710 671 christiani,
726 603 807 658 initio
819 612 937 674 propter
950 603 1133 672 exiguitatem
1144 617 1211 657 con·

240 683 356 738 ditionis
375 681 512 753 despecti,
531 697 598 736 mox
620 681 735 750 optimis
754 682 881 739 moribus
893 684 1061 756 opinionem
1074 680 1210 749 vicerunt,

239 762 279 816 ita
291 760 448 816 hodiedum
458 759 575 832 opifices
593 760 748 829 christiani,
766 762 902 819 societate
915 759 1068 832 conjuncti,
1088 760 1210 815 benevo-

239 840 357 895 lentiam
377 839 482 896 civium
504 837 558 894 sibi
584 839 785 909 concitabunt,
799 839 903 913 aliique
921 840 1047 913 opifices,
1069 837 1211 906 vitiorum,

240 935 448 991 pravorumque
461 917 650 988 collegiorum
673 919 792 976 vinculis
813 937 889 992 aegre
908 919 1027 992 gravati,
1049 916 1212 974 christianis

240 997 380 1054 sodalitiis
393 996 511 1054 nomina
523 997 635 1054 dabunt
645 999 771 1065 207-208.
783 1001 1026 1057 -Pnaoan'r10.
1038 999 1123 1052 Hanc
1135 996 1211 1051 viam

240 1078 303 1131 sine
314 1093 396 1132 mora
408 1076 506 1132 ineant
526 1085 658 1146 potestas
670 1078 792 1148 publica,
813 1095 848 1135 ac
870 1090 989 1151 uterque
1007 1079 1087 1145 ordo,
1099 1092 1212 1130 morum

240 1156 460 1211 christianorum
473 1154 615 1224 imprimis
635 1157 827 1214 instaurantes
849 1161 909 1215 208.
929 1189 965 1200 -
985 1157 1117 1212 Ecclesia
1136 1171 1212 1223 vero,

240 1251 298 1305 quo
310 1235 418 1306 majore
428 1235 552 1305 potietur
563 1234 706 1306 libertate,
718 1253 753 1292 eo
765 1238 909 1295 efficacius
922 1237 1102 1295 adlaborabit
1112 1249 1213 1304 209.-

241 1314 377 1386 Episcopi
388 1332 423 1370 ac
432 1315 524 1370 clerus
539 1323 690 1385 utrumque
702 1316 832 1372 ordinem
842 1318 992 1388 Evangelii
1004 1325 1149 1387 praecepta
1161 1315 1211 1368 do·

241 1404 333 1462 ceant,
345 1394 503 1464 praesertim
516 1394 674 1464 caritatem,
687 1395 813 1451 divinam
826 1407 926 1454 contra
939 1397 1038 1454 saeculi
1050 1397 1128 1452 mala
1139 1393 1210 1449 anti·

139 1541 144 1548 ,
245 1473 345 1529 dotum
359 1488 419 1541 209.

207 1581 260 1635 49.
282 1583 492 1634 EPISTOLA
511 1583 554 1634 ad
570 1583 786 1635 Francisoum
808 1587 986 1648 Lagrange,
1009 1585 1212 1648 Episcopum

173 1671 421 1722 Carnutensem.
438 1671 486 1721 De
503 1672 653 1736 urgendo
666 1673 695 1723 S.
716 1671 808 1723 Sedis
828 1673 952 1724 iudicio
969 1675 1004 1723 in
1019 1674 1118 1724 rebus
1136 1671 1212 1721 Loi-

172 1757 358 1821 snm-23
380 1759 461 1809 maii
483 1759 568 1810 1891.
1180 1769 1284 1810 222
1330 1764 1332 1768 ·

279 1853 410 1909 Pontifex
423 1855 549 1925 queritur
562 1855 599 1912 de
617 1857 755 1911 scandalo
767 1857 831 1912 crto
848 1857 877 1912 in
890 1872 965 1927 pago
980 1855 1090 1927 Loigny
1103 1871 1164 1910 210.
1178 1883 1213 1892 -

245 1931 356 1988 Recolit
369 1935 547 1990 contumacis
560 1935 675 1990 feminae
695 1934 845 1990 Mathildis
859 1935 990 1991 Marchat
1010 1935 1119 2006 pseudo
1130 1933 1212 1988 visio-

245 2028 297 2067 nes
316 2012 404 2067 semel
421 2021 507 2084 atque
532 2006 634 2069 iterum
648 2015 798 2069 damnatas
810 2013 917 2080 fuisse;
938 2014 1123 2070 nihilominus
1140 2014 1212 2084 ejus·

247 2091 313 2146 dem
326 2091 457 2160 12222222,
467 2108 539 2163 quos
552 2092 626 2148 inter
638 2092 847 2148 ecclesiasticos
860 2093 945 2163 viros,
958 2093 1023 2148 huic
1033 2093 1142 2164 judicio
1154 2109 1212 2148 non

247 2169 389 2240 paruisse;
399 2171 546 2240 graviores
560 2171 626 2226 inde
639 2188 774 2227 censuras
788 2182 888 2228 contra
900 2189 950 2228 eos
963 2190 1027 2228 esse
1039 2173 1122 2240 latas,
1133 2172 1212 2228 libel·

245 2249 345 2319 losque
357 2265 456 2304 eorum
469 2250 498 2305 in
511 2245 636 2308 indicem
659 2250 811 2321 inscriptos
824 2266 921 2310 arcui
930 2267 951 2308 2.
973 2279 1009 2290 -
1022 2253 1109 2306 Dolet
1129 2252 1212 2306 vehe-

243 2338 354 2386 menter
374 2329 437 2384 haec
450 2329 547 2386 omnia
565 2330 702 2384 scandalo
722 2347 780 2385 non
793 2330 879 2386 finem
901 2331 1071 2402 imposuisse
1094 2344 1155 2385 222.
1177 2359 1214 2370 -

246 2408 342 2463 Zelum
356 2407 500 2464 Antistitis
513 2409 700 2464 Carnutensis
712 2410 809 2465 laudat
823 2421 910 2481 atque
922 2411 1049 2465 stimulat
1062 2423 1123 2464 212.

208 2524 259 2576 50.
282 2525 491 2576 EPISTOLA
522 2527 566 2577 ad
596 2527 754 2578 carolum
783 2527 994 2590 Chesneicng‚
1025 2531 1210 2577 senatorem

171 2613 362 2675 reipublicae
375 2613 515 2665 Gallica.
534 2613 861 2667 Decommendanda
881 2615 1051 2666 catholicis
1074 2625 1210 2664 concor·-

172 2701 440 2752 dia-2smaii
458 2702 568 2754 1891...
1176 2710 1280 2762 ...213

277 2798 408 2854 Pontifex
421 2800 519 2857 laudat
540 2817 641 2857 sensus
664 2817 754 2873 nuper
774 2819 840 2859 cum
862 2802 966 2858 eximio
988 2812 1122 2858 senatore
1143 2816 1209 2854 con-

241 2895 406 2948 gressorum
419 2894 480 2948 223.
502 2909 537 2921 -
550 2881 663 2937 Gaudet
685 2882 722 2937 de
735 2883 839 2937 unione
861 2881 972 2949 virium,
995 2881 1034 2936 22
1057 2895 1209 2934 commune

243 2968 343 3014 contra
365 2959 504 3015 Ecclesiae
526 2959 624 3016 hostes
645 2971 790 3016 certarnen
804 2976 864 3030 213.
878 2991 913 3000 —
934 2961 1036 3031 Sperat
1059 2959 1088 3013 12
1110 2973 1209 3013 omnes

244 3035 320 3093 cives
333 3037 410 3092 hunc
423 3037 553 3109 spiritum
566 3055 632 3094 mox
645 3039 764 3094 effusum
778 3038 810 3094 iri
825 3054 885 3108 223.

208 3143 254 3192 51.
277 3143 483 3195 LITTERAE
510 3145 786 3198 APOSTOLICAE
811 3145 853 3196 22
883 3145 950 3196 fide
980 3143 1143 3195 catholica
1173 3142 1209 3190 in

172 3229 852 3284 itaiiaescnoiistuenda.-25maiiieen
1177 3235 1278 3292 ..215

278 3339 311 3393 12
321 3341 451 3395 12222ο22
464 3341 539 3396 122112
553 3341 683 3397 Pontifex
692 3341 810 3412 juvenili
823 3340 900 3396 aetati
914 3339 1069 3411 impensius
1082 3338 1208 3394 declarat

242 3418 468 3474 subveniendum
488 3433 518 3473 22
525 3431 548 3488 5.
568 3449 603 3460 -
630 3419 754 3490 Egregie
778 3419 876 3476 iaudat
902 3419 1144 3474 consociationem
1169 3417 1207 3472 ad

240 3498 317 3552 hunc
330 3496 416 3552 finem
430 3497 527 3554 Laude
541 3497 680 3570 Pompeia
692 3500 838 3554 decretum
854 3511 913 3567 215.

205 3601 255 3653 52.
278 3601 520 3656 ALLOCU'HO
533 3605 578 3655 ad
590 3605 619 3656 S.
640 3606 679 3655 R.
696 3605 734 3655 E.
749 3603 948 3656 cardinales.
966 3602 1013 3653 De
1032 3605 1124 3652 statu
1144 3601 1209 3651 Ec-

169 3691 778 3756 clesiaeperorbem.-ijuni11891...
1227 3695 1278 3748 ²¹7

277 3791 407 3848 Pontifex
419 3791 555 3849 describit
576 3793 711 3849 miserum
732 3794 837 3850 exitum
859 3792 1050 3848 contentionis
1072 3789 1208 3845 adversus

241 3870 403 3937 Ecclesiam
417 3872 445 3926 in
461 3870 544 3926 ltalia
557 3871 635 3929 initae
652 3887 759 3939 217.-
777 3873 805 3926 N
808 3889 841 3927 ec
855 3873 956 3926 melior
968 3882 1058 3926 status
1071 3885 1166 3924 rerum
1179 3868 1208 3922 in

241 3951 304 4007 aliis
317 3951 442 4020 Europae
454 3951 581 4021 partibus
595 3967 654 4018 217.
668 3951 845 4008 -Ecclesia
866 3963 963 4006 tamen
979 3949 1083 4005 Christi
1097 3948 1207 4002 muneri

240 4048 292 4088 suc
305 4031 434 4087 benefico
446 4031 522 4086 nulla
535 4032 645 4087 ratione
667 4031 748 4088 deest
761 4031 821 4086 218.
835 4031 972 4085 -Extra
993 4029 1064 4082 fines
1085 4028 1208 4098 Europae

238 4108 390 4181 jucundior
411 4120 579 4181 prospectus
604 4110 665 4166 218.
686 4139 722 4150 -
736 4111 770 4165 ln
791 4109 887 4164 Africa
907 4118 1006 4165 contra
1031 4106 1207 4176 Nigritarum

242 4186 407 4245 servitutem
418 4197 532 4244 strenue
544 4189 637 4260 agitur
649 4191 709 4245 228.
721 4218 757 4229 -
772 4189 805 4243 12
817 4187 957 4260 Japonico
970 4185 1088 4256 imperio
1103 4185 1208 4239 hierar·

243 4267 308 4323 chia
329 4266 470 4322 catholica
489 4267 643 4324 instituitur
665 4269 772 4324 218.-
788 4267 821 4322 12
844 4265 982 4322 Brasiiica
1004 4265 1120 4336 regione
1141 4279 1207 4330 spes

244 4346 392 4402 meliorum
404 4355 564 4418 temporum
577 4348 726 4403 roboratur
738 4347 798 4402 218.
812 4376 847 4387 -
861 4347 929 4400 Mox
948 4344 1099 4400 Mexicana
1111 4359 1207 4415 respu-
