3354 4938
443 291 494 340 DE
512 288 753 340 CONDITlONE
772 289 966 340 OPlFlCUM.
1183 287 1253 361 179

146 487 214 552 que
230 467 451 532 necessarias:
467 466 611 549 ideoque
634 484 679 527 ex
696 483 800 547 opera
827 465 907 529 data
934 465 984 528 ius
1008 485 1124 530 verum
1150 465 1257 549 perfe-
1324 477 1403 565 „spu

146 571 381 656 ctumquesibi
393 570 525 654 quaerit
544 588 611 634 non
634 570 736 632 modo
761 569 950 651 exigendae
966 569 1138 648 mercedis,
1149 570 1206 634 sed
1224 581 1258 634 et
1329 575 1387 632 1801

146 675 364 740 collocandae
373 675 423 739 uti
438 673 526 738 velit
540 673 632 756 Ergo
645 673 672 736 si
684 674 851 737 tenuitate
863 681 1059 756 sumptuum
1075 671 1256 755 quicquam
1283 684 1376 755 afiirpit
1389 699 1435 755 mes

146 780 220 862 ipse
228 776 641 862 comparsit,sructumque
653 775 881 860 parcimoniae
894 795 984 856 suae,
992 797 1060 861 quo
1071 777 1174 841 tutior
1185 797 1258 841 esse
1284 747 1355 862 lm
1365 749 1436 848 ’Ἕῖ

145 885 301 947 custodia
330 883 445 966 possit,
460 883 494 945 in
521 881 659 964 praedio
689 880 875 958 collocavit,
902 879 1053 962 proiecto
1084 880 1257 964 praedium
1284 877 1410 968 pgmren·

146 987 336 1051 istiusmodi
353 986 434 1050 nihil
462 994 513 1049 est
537 983 639 1062 aliud,
655 1003 757 1067 quarn
786 1003 911 1047 merces
928 985 1000 1067 ipsa
1023 984 1123 1048 aliam
1141 984 1260 1048 induta

147 1091 295 1174 speciem
311 1099 577 1174 :proptereaque
593 1097 769 1170 coemptus
781 1089 828 1151 sic
840 1086 951 1170 opifici
975 1089 1099 1153 fundus
1122 1097 1193 1152 tam
1210 1099 1260 1153 est

147 1197 183 1258 in
196 1197 267 1259 eius
279 1203 447 1278 potestate
456 1192 596 1269 iuturus,
608 1212 710 1275 quarn
732 1202 829 1274 parta
852 1191 965 1256 labore
987 1213 1123 1256 merces.
1142 1191 1208 1258 Sed
1227 1193 1258 1256 in

148 1297 212 1362 hoc
224 1298 334 1380 plane,
345 1307 383 1361 ut
392 1296 489 1360 facile
501 1295 709 1377 intelligitur,
719 1314 828 1358 rerum
841 1295 1028 1360 dominium
1048 1295 1102 1359 vel
1125 1315 1259 1360 moven-

147 1403 232 1467 tium
252 1401 304 1464 vel
320 1399 501 1464 solidarum
518 1398 678 1461 consistit.
697 1396 736 1460 ln
755 1417 796 1460 eo
812 1397 913 1478 igitur
928 1398 1019 1481 quod
1043 1397 1134 1461 bona
1150 1398 1258 1480 priva-

147 1515 258 1570 torum
275 1503 453 1570 transferre
469 1501 661 1566 Socrulistae
678 1501 721 1564 ad
738 1521 916 1565 commune
932 1503 1093 1580 nituntur,
1108 1503 1257 1566 omnium

148 1608 429 1674 mercenariorum
442 1606 569 1670 iaciunt
581 1605 811 1670 conditionem
822 1605 1156 1689 deteriorem,quippe
1168 1627 1263 1689 quos,

150 1713 367 1778 collocandae
384 1711 545 1776 mercedis
572 1709 728 1774 libertate
752 1709 894 1787 sublata,
908 1709 971 1775 hoc
996 1711 1069 1792 ipso
1084 1713 1258 1794 augendae

150 1818 197 1882 rei
228 1816 401 1881 samiIIaris
431 1813 683 1898 utilitatumque
714 1814 777 1877 sibi
808 1815 1108 1896 comparandarum
1142 1827 1260 1898 spect

147 1921 310 1987 facultate
325 1921 522 2004 despoliant.

192 2025 332 2102 Verum,
347 2026 438 2109 quod
455 2026 561 2088 maius
578 2033 638 2102 est,
655 2024 838 2087 remedium
856 2034 1050 2106 proponunt
1073 2045 1151 2089 cum
1167 2025 1259 2091 iusti·
1303 2036 1427 2088 ciuium

149 2129 199 2193 tia
222 2138 337 2212 aperte
361 2148 525 2212 pugnans,
541 2130 619 2212 quia
645 2127 816 2211 possidere
841 2147 891 2190 res
922 2127 1078 2209 privatim
1107 2138 1144 2222 ut
1174 2149 1260 2206 suas,
1285 2119 1439 2232 2225&ssss

150 2234 202 2299 ius
217 2244 268 2298 est
283 2233 411 2298 homini
437 2253 457 2297 a
482 2243 601 2297 natura
629 2233 756 2297 datum.
772 2269 817 2282 -
829 2233 960 2297 Revera
975 2234 1038 2298 hac
1055 2233 1157 2298 etiam
1175 2235 1208 2298 in
1226 2257 1260 2298 re
1287 2232 1438 2337 ζξὲηξζζζζ·

150 2338 300 2402 maxime
312 2331 577 2401 interhorninem
590 2346 623 2401 et
647 2357 753 2421 genus
775 2338 912 2400 interest
932 2338 1155 2401 animantium
1172 2348 1259 2403 cete·
1286 2351 1327 2420 jur
1346 2355 1381 2416 est
1400 2351 1439 2394 ro-

151 2441 352 2506 rarum.Non
365 2440 454 2504 enim
467 2461 503 2504 se
518 2442 611 2522 ipsae
623 2451 744 2524 regunt
754 2440 954 2518 belluae,sed
968 2451 1128 2526 reguntur
1139 2441 1259 2525 guber·
1287 2424 1353 2514 2¹2¹
1363 2423 1379 2453 ⁰
1396 2423 1440 2512 ΖΞ]

137 2556 339 2630 'nanturque
366 2547 490 2630 duplici
518 2555 657 2610 naturae
684 2547 866 2611 instinctu:
893 2547 950 2631 qui
975 2555 1047 2612 turn
1065 2547 1259 2612 custodiunt
1287 2535 1439 2632 Ἕω.

150 2660 382 2735 experrectam
399 2652 433 2714 in
449 2651 496 2714 eis
521 2647 715 2715 facultatem
743 2651 877 2732 agendi,
890 2651 1044 2734 viresque
1068 2660 1259 2733 opportune
1288 2646 1440 2764 ἕζωῆξζξ

149 2756 318 2833 evolvunt,
346 2763 419 2818 tum
451 2755 552 2818 etiam
584 2753 733 2836 singulos
764 2774 877 2818 earum
910 2764 1021 2819 motus
1053 2755 1261 2819 exsuscitant
1289 2764 1393 2811 dividuis

151 2861 253 2924 iidem
270 2869 304 2923 et
318 2857 552 2922 determinant.
564 2857 684 2921 Altero
694 2857 853 2922 instinctu
871 2857 913 2920 ad
926 2879 962 2922 se
978 2859 1149 2942 vitamque
1165 2868 1259 2924 tuen·
1288 2839 1337 2942 ξδ’
1352 2828 1439 2928 ‘mn

152 2963 242 3040 dam,
254 2963 359 3026 altero
369 2962 411 3025 ad
422 2962 712 3025 conservationem
725 2964 856 3043 generis
868 2963 1036 3028 ducuntur
1047 2963 1106 3028 sui.
1121 2963 1261 3029 Utrum·
1289 2943 1442 3048 {ffls'm‘e}

150 3085 217 3150 que
246 3085 322 3130 vero
348 3066 526 3130 commode
550 3073 772 3147 assequuntur
799 3085 914 3130 earum
946 3086 1053 3130 rerum
1089 3087 1149 3129 usu
1177 3086 1263 3149 quae
1289 3060 1440 3179 55:5⁸2}ae

151 3171 284 3246 adsunt,
293 3189 445 3254 quaeque
466 3178 657 3252 praesentes
679 3178 776 3232 sunt:
790 3189 850 3233 nec
863 3191 944 3233 sane
954 3171 1108 3252 progredi
1130 3170 1263 3253 longius
1290 3192 1371 3224 rerum
1391 3193 1439 3222 cor-

149 3282 297 3358 possent,
311 3273 391 3357 quia
418 3273 490 3338 solo
514 3291 613 3338 sensu
641 3283 818 3337 moventur
840 3273 1005 3355 rebusque
1035 3275 1263 3357 singularibus
1286 3247 1440 3356 mem

149 3397 250 3442 sensu
266 3377 439 3460 perceptis.
454 3413 499 3426 -
515 3377 634 3460 Longe
661 3375 726 3439 alia
753 3375 901 3440 hominis
917 3387 1046 3443 natura.
1063 3378 1157 3443 Inest
1173 3379 1205 3442 in
1223 3400 1264 3443 eo
1290 3363 1342 3462 {2}ss
1353 3430 1363 3466 :
1387 3361 1442 3459 Ἤ

148 3491 224 3547 tota
232 3480 330 3546 simul
343 3501 381 3544 ac
394 3479 541 3563 perfecta
553 3481 603 3544 vis
628 3488 767 3544 naturae
787 3481 977 3559 animantis,
998 3481 1141 3566 ideoque
1159 3483 1263 3548 tribu·
1289 3480 1377 3544 iiim·
1401 3489 1441 3518 ⁷⁰·

1290 3534 1362 3580 tronis
1383 3539 1440 3592 par-

148 3596 222 3652 tum
239 3606 284 3648 ex
296 3585 358 3648 hac
371 3593 465 3666 parte
480 3583 609 3648 homini
625 3592 685 3662 est,
698 3593 788 3648 certe
812 3604 878 3648 non
903 3585 1013 3650 minus
1034 3591 1135 3670 quam
1149 3589 1262 3670 generi
1289 3593 1367 3698 πυρὶ
1402 3592 1440 3696 ²¹22

149 3690 372 3755 animantium
384 3687 487 3766 omni,
499 3696 537 3752 ut
546 3708 656 3754 rerum
669 3707 905 3772 corporearum
928 3689 1056 3755 fruatur
1067 3692 1178 3756 bonis.
1195 3692 1261 3757 Sed
1289 3727 1310 3758 sn
1357 3711 1440 3757 storin

148 3802 269 3858 natura
299 3792 452 3857 animans
482 3792 699 3875 quantumvis
732 3793 901 3857 cumulate
936 3814 1099 3876 possessa,
1130 3806 1260 3860 tantum
1285 3772 1426 3890 ξῖᾎζζῗζῗ(

147 3898 246 3963 abest
275 3907 312 3962 ut
342 3906 496 3961 naturam
528 3896 778 3962 circumscribat
808 3897 1002 3976 humanam,
1019 3909 1055 3962 ut
1086 3897 1195 3964 multo
1220 3904 1263 3965 sit

150 4001 299 4066 humana
311 4009 431 4064 natura
441 3997 618 4077 inferior‚et
629 4001 672 4064 ad
686 4000 957 4081 parendumhuic
970 4000 1264 4085 obediendumque

148 4111 240 4168 nata.
264 4101 365 4185 Quod
393 4102 519 4166 eminet
545 4112 646 4185 atque
661 4101 798 4165 excellit
824 4102 856 4166 in
884 4103 990 4180 nobis,
1006 4105 1096 4185 quod
1136 4105 1263 4170 homini

149 4206 268 4272 tribuit
280 4216 315 4271 ut
329 4205 432 4270 homo
443 4206 496 4282 sit,
507 4213 541 4270 et
552 4225 573 4270 a
583 4205 701 4270 belluis
724 4203 858 4269 differat
870 4224 990 4288 genere
1002 4218 1083 4287 toto,
1097 4229 1192 4274 mens
1204 4231 1262 4276 seu

152 4311 243 4378 ratio
253 4319 315 4422 est
324 4310 371 4376 Et
379 4311 424 4376 ob
435 4309 685 4375 hanecaussam
707 4310 798 4392 quod
811 4308 919 4374 solum
932 4310 995 4376 hoc
1008 4313 1132 4378 animal
1146 4323 1197 4382 est
1213 4337 1263 4382 ra·
