3354 4938
173 390 205 531 {l}
342 403 666 487 mrrsnnr:
695 403 1096 488 sucrcmcns

257 582 315 642 nd
338 581 584 658 patriarchas,
603 580 1126 658 Primat0s‚nrchtep1scopos
1148 583 1186 640 et

239 750 442 824 Episcopos
456 748 655 808 universos
675 747 851 808 catholici
872 747 975 808 orbis
991 745 1150 820 gratiam
1167 751 1206 806 et

236 916 546 975 communionem
567 927 655 973 cum
670 914 886 986 apostolica
902 913 997 973 Sede
1011 912 1203 972 habentes.

360 1372 501 1438 ERUM
528 1391 689 1436 novarum
714 1371 817 1436 semel
844 1372 993 1438 excitata
1007 1374 1172 1456 cupidine,
1187 1395 1274 1458 quae
1337 1363 1415 1449 ,liu

220 1479 292 1628 R
380 1479 438 1543 diu
453 1478 588 1561 quidem
614 1484 806 1541 commovet
829 1478 991 1556 civitates,
1005 1477 1087 1542 illud
1105 1490 1176 1544 erat
1196 1500 1273 1545 con·
1343 1461 1403 1519 ¹⁸⁹¹

159 1369 351 1746 {U}
380 1591 570 1646 secuturum
589 1590 625 1644 ut
640 1581 943 1644 commutationum
968 1582 1080 1646 studia
1102 1602 1124 1646 a
1139 1584 1273 1648 rationi·
1298 1579 1450 1616 mmm·

380 1685 443 1748 bus
460 1684 606 1767 politicis
622 1684 656 1748 in
673 1684 964 1749 oeconomicarum
976 1696 1157 1769 cognatum
1169 1707 1274 1769 genus
1300 1678 1452 1784 cfflffi

162 1785 346 1870 aliquando
362 1787 554 1853 defluerent
566 1824 610 1837 -
627 1787 758 1852 Revera
773 1808 861 1852 nova
872 1787 1055 1853 industriae
1070 1789 1274 1855 incrementa
1302 1813 1363 1851 men.

163 1893 327 1974 novisque
352 1901 469 1956 euntes
494 1891 669 1956 itineribus
694 1901 802 1956 artes:
828 1902 977 1956 mutatae
1001 1894 1214 1958 dominorum
1242 1905 1275 1958 et
1301 1905 1435 1967 multiplici

164 1995 445 2061 mercenariorum
462 1998 607 2061 rationes
636 2005 793 2060 mutuae:
809 1996 1000 2062 divitiarum
1025 1999 1057 2060 in
1074 1998 1200 2081 exiguo
1216 2019 1276 2063 nu·
1293 1968 1365 2079 {lii}
1398 1981 1435 2012 ον’

164 2117 258 2164 mero
274 2099 455 2177 affluentia,
470 2099 504 2164 in
521 2099 738 2165 multitudine
764 2101 878 2182 inopia
893 2123 900 2164 :
915 2099 1072 2182 opificum
1089 2122 1164 2165 cum
1182 2103 1225 2166 de
1241 2122 1276 2166 se

163 2202 368 2269 confidentia
397 2205 512 2282 maior,
540 2214 612 2269 tum
640 2204 726 2268 inter
752 2224 789 2268 se
818 2204 1030 2268 necessitudo
1060 2206 1277 2284 coniunctior,

163 2316 337 2387 praeterea
361 2308 447 2372 versi
474 2309 508 2372 in
535 2308 702 2373 deteriora
728 2328 847 2386 mores,
862 2307 1010 2384 effecere,
1040 2317 1076 2373 ut
1106 2317 1275 2374 certarnen

165 2419 363 2494 erumperet.
379 2412 419 2475 ln
436 2431 505 2495 quo
520 2419 648 2494 quanta
664 2430 772 2475 rerum
784 2422 956 2475 momenta
964 2421 1143 2490 vertantur,
1155 2433 1201 2477 ex
1211 2413 1276 2478 hoc

166 2525 317 2598 apparet,
338 2515 428 2599 quod
454 2516 585 2580 animos
612 2513 714 2578 habet
730 2514 798 2577 acri
814 2515 1051 2597 expectatione
1075 2535 1277 2598 suspensos:

166 2619 312 2701 denique
339 2619 474 2702 ingenia
504 2627 638 2683 exercet
668 2619 856 2696 doctorum,
894 2618 1035 2683 concilia
1065 2622 1277 2701 prudentum,
1301 2639 1438 2708 murum..

165 2723 345 2789 conciones
369 2723 496 2807 populi,
510 2723 769 2806 legumlatorum
797 2721 968 2801 iudicium,
990 2724 1130 2788 consilia
1157 2725 1277 2808 princi·
1301 2695 1454 2806 {525³}ss

165 2849 257 2912 pum,
274 2839 310 2894 ut
326 2831 393 2892 iam
409 2848 528 2893 caussa
554 2827 646 2891 nulla
663 2829 845 2910 reperiatur
867 2835 972 2906 tanta,
987 2848 1073 2910 quae
1089 2838 1202 2893 teneat
1217 2830 1276 2893 ho·
1302 2833 1367 2872 Μ’

167 2931 296 2996 minum
322 2933 434 2998 studia
459 2932 700 2998 vehementius.
730 2967 774 2980 --
806 2931 936 3013 ltaque,
966 2932 1140 3013 proposita
1170 2933 1278 2998 Nobis

168 3034 340 3101 Ecclesiae
356 3057 473 3102 caussa
484 3047 518 3101 et
530 3038 637 3102 salute
650 3033 830 3111 communi,
840 3035 930 3116 quod
942 3033 1023 3099 alias
1036 3036 1279 3114 consuevimus,

167 3137 387 3205 Venerabiles
404 3142 547 3219 Fratres,
562 3140 650 3205 datis
677 3138 721 3202 ad
746 3157 809 3201 vos
826 3137 965 3202 Litteris
980 3139 1022 3203 de
1039 3138 1179 3220 imperio
1194 3139 1277 3220 poli·
1304 3184 1380 3225 m,
1391 3179 1454 3224 Μ,

167 3242 244 3322 tico‚
268 3245 311 3309 de
327 3243 481 3309 libertate
496 3243 656 3320 humana,
680 3241 723 3305 de
749 3241 922 3304 civitatum
939 3241 1179 3306 constitutione
1194 3241 1278 3306 chri·
1304 3241 1390 3310 ’Μ
1428 3241 1456 3282 '¹‘

166 3345 286 3425 stiana,
311 3347 452 3432 aliisque
469 3367 537 3411 non
553 3345 707 3412 dissimili
734 3363 867 3428 genere,
897 3364 983 3427 quae
1012 3347 1055 3409 ad
1087 3345 1280 3412 refutandas
1305 3303 1456 3404 lfmc'llli

167 3452 365 3535 opinionum
376 3451 526 3516 fallacias
537 3459 728 3535 opportuna
740 3448 948 3526 videbantur,
960 3448 1049 3512 idem
1061 3469 1149 3514 nunc
1160 3451 1281 3517 lacien-
1306 3414 1457 3534 {willl-

168 3556 250 3620 dum
276 3556 317 3620 de
341 3555 520 3621 conditum
545 3554 694 3639 opificum
721 3553 839 3618 iisdem
856 3554 899 3618 de
914 3554 1040 3617 caussis
1054 3554 1223 3622 duximus.
1238 3593 1282 3606 -
1307 3543 1356 3582 m·

170 3658 285 3725 Genus
300 3660 365 3724 hoc
380 3661 570 3745 argumenti
599 3677 665 3722 non
692 3657 796 3723 semel
822 3657 888 3722 iam
905 3678 965 3741 per
979 3661 1190 3725 occasionem
1206 3662 1282 3727 atti-

168 3765 302 3848 gimus:
325 3765 359 3830 in
385 3765 438 3830 his
463 3773 578 3830 tamen
605 3763 743 3828 Litteris
770 3770 878 3827 totam
906 3761 987 3826 data
1012 3782 1115 3846 opera
1142 3775 1284 3830 tractare

170 3869 403 3951 quaestionem
419 3866 596 3951 apostolici
613 3866 759 3930 muneris
774 3865 980 3930 conscientia
1003 3875 1127 3944 monet,
1142 3876 1179 3932 ut
1194 3869 1284 3950 prin-

170 3970 259 4055 cipia
289 3972 470 4048 emineant,
494 3989 637 4054 quorum
669 3987 743 4052 ope,
770 3967 819 4033 uti
849 3969 971 4032 veritas
1001 3977 1104 4051 atquc
1133 3970 1284 4053 aequitas

171 4074 355 4157 postulant,
370 4072 544 4140 dimicatio
559 4073 742 4138 dirimatur.
759 4069 888 4136 Caussa
903 4081 954 4134 est
969 4071 1012 4134 ad
1034 4073 1283 4154 expediendum

171 4177 327 4256 difficilis,
343 4198 403 4243 nec
421 4196 527 4243 vacua
553 4174 708 4260 periculo.
725 4173 881 4240 Arduum
907 4174 1071 4257 siquidem
1089 4178 1198 4242 metiri
1213 4178 1286 4243 iura
1347 4215 1408 4260 R„
1422 4225 1462 4258 „.

172 4292 208 4348 et
223 4281 343 4360 officia,
358 4282 481 4367 quibus
505 4279 691 4364 locupletes
718 4287 752 4343 et
778 4278 986 4362 proletarios,
1001 4298 1058 4344 eos
1082 4280 1139 4363 qui
1156 4300 1236 4360 rem,
1252 4290 1285 4346 et
1312 4274 1387 4322 ‘lm'
1431 4271 1464 4317 ³¹²

234 4441 311 4488 Acrn
328 4439 430 4486 Laurus
446 4437 517 4486 xm.
1103 4434 1145 4482 IV.
1158 4449 1227 4481 --12¹
