3352 4926
587 1069 882 1138 OGNOVIMUS
898 1092 943 1136 ex
955 1071 1073 1136 lrtterrs
1082 1073 1148 1137 turs
1150 1073 1247 1153 ,die4
1263 1072 1362 1139 Iunio
1380 1097 1503 1146 mense

266 1119 337 1162 ULII

242 1120 326 1230 J1891
450 1183 518 1334 C
543 1067 578 1288 ἒ
608 1174 706 1254 datis,
718 1175 804 1239 velle
819 1185 853 1240 te
869 1176 1144 1240 consuetudinem
1156 1185 1313 1257 veterem,
1323 1200 1500 1248 commum

229 1279 367 1386 amis&
608 1279 808 1362 populorum
825 1279 943 1362 pietati
972 1278 1069 1344 valde
1091 1299 1212 1358 caram,
1243 1281 1277 1344 in
1309 1283 1500 1370 primisque

212 1353 325 1446 farao.
329 1399 362 1444 N
608 1382 855 1446 Trevirensium
869 1391 1002 1448 tuorum
1014 1382 1180 1448 desiderio
1192 1385 1378 1466 expetitam
1384 1388 1500 1473 ,longo

220 1457 317 1504 Tunica
333 1459 403 1512 ad

214 1517 346 1563 venerato
394 1497 444 1560 int
430 1492 569 1560 teruallo
585 1509 755 1554 revocare:
772 1489 928 1554 nimirum
959 1489 1117 1554 Tunicam
1140 1488 1364 1556 inconsutilem
1389 1496 1434 1561 D.
1454 1495 1500 1561 N.

215 1590 279 1680 ἵξῃ
303 1577 367 1682 {ss
394 1606 481 1670 IESU
498 1601 667 1676 CHRISTI,
682 1617 749 1681 qua
765 1597 929 1680 templum
938 1597 1136 1663 Trevirense
1151 1599 1305 1682 princeps
1321 1609 1499 1685 tamquam

216 1696 367 1814 ζζζζηζῗφο
392 1713 550 1778 thesauro
565 1708 665 1790 longe
682 1707 835 1771 maximo
850 1706 1020 1789 gloriatur,
1034 1727 1127 1772 more
1143 1707 1307 1773 maiorum
1337 1710 1380 1774 ad
1396 1731 1499 1776 vene·

216 1815 303 1860 '‘md“-
391 1819 534 1885 randum
545 1835 739 1900 proponere.
756 1814 940 1880 Catholicis
955 1827 1067 1880 autem
1083 1835 1128 1880 ex
1145 1814 1326 1882 Germania
1339 1818 1420 1882 viris
1423 1820 1499 1902 ,qui

392 1947 482 1994 anno
502 1927 583 2006 1887
600 1925 685 1988 istuc
702 1924 875 1987 adsedem
892 1924 1028 1988 honoris
1051 1923 1100 1990 tui
1127 1923 1160 1989 in
1175 1933 1309 1988 coetum
1330 1945 1498 1991 convene·

390 2047 475 2114 rant,
490 2035 579 2099 idem
596 2034 630 2096 in
646 2032 733 2096 votis
749 2029 918 2114 significas
932 2031 1042 2098 fuisse.
1056 2031 1102 2096 Et
1117 2031 1205 2097 recte
1220 2033 1355 2116 quidem
1374 2058 1380 2097 :
1394 2053 1496 2118 prop·

390 2155 481 2210 terea
500 2143 591 2225 quod
609 2141 732 2205 amotis
747 2139 1008 2218 difficultatibus,
1023 2160 1110 2224 quae
1132 2141 1179 2204 rei
1194 2139 1380 2205 catholicae
1402 2141 1495 2224 apud

390 2273 450 2316 uos
466 2249 579 2315 multis
608 2248 719 2312 modis
742 2247 973 2330 impediebant
1002 2267 1143 2326 cursum,
1174 2248 1241 2312 iam
1266 2248 1309 2312 ad
1335 2248 1495 2313 alendam

390 2359 648 2441 augendamque
664 2353 765 2420 fidem
782 2362 916 2438 oportet
930 2355 1103 2420 restitutae
1118 2354 1371 2439 tranquillitatis
1390 2356 1495 2420 bene·

248 2475 364 2535 Dorila-
390 2466 465 2531 licia
480 2474 682 2532 convertere.
696 2497 741 2508 -
755 2464 809 2528 Tu
825 2483 904 2529 vero
919 2463 1024 2548 probe
1039 2463 1142 2543 vides,
1165 2465 1295 2531 delatos
1321 2481 1495 2528 sacrosan-

214 2539 265 2640 {52⁸³
275 2536 365 2653 affl
388 2577 451 2640 ctis
467 2574 539 2638 istis
555 2572 702 2656 reliquiis
714 2571 855 2637 solemni
871 2571 935 2637 ritu
951 2573 1095 2638 honores
1107 2574 1150 2638 ad
1171 2571 1238 2636 Dei
1248 2570 1495 2655 omnipotentis

211 2654 357 2759 {Jflmm
308 2714 364 2759 cet«
356 2679 539 2767 'gloriam
551 2700 686 2763 unaque
701 2680 767 2744 ad
758 2691 1000 2746 incrementum
1013 2681 1182 2764 popularis
1192 2681 1363 2764 relrgronrs
1375 2700 1497 2764 expia

215 2772 275 2818 Μ·
390 2791 583 2872 tionemque
595 2788 783 2852 animarum
801 2809 1005 2872 magnopere
1019 2790 1192 2872 pertinere
1210 2789 1365 2854 Pulcrum
1383 2799 1434 2854 est
1455 2808 1497 2853 ac

390 2898 522 2962 salubre
536 2897 589 2960 his
610 2896 810 2962 nominatim
827 2907 897 2963 tam
913 2897 1029 2962 alienis
1045 2917 1066 2961 a
1081 2897 1147 2961 fide
1161 2897 1342 2961 christiana
1361 2905 1493 2979 tempo-

388 3005 479 3070 ribus
496 3024 605 3070 rerum
622 3005 908 3070 sanctissimarum
920 3006 1052 3088 publice
1067 3006 1208 3070 excitari
1224 3005 1494 3070 recordationem

389 3124 423 3181 et
439 3114 690 3186 multitudinem
707 3115 839 3181 invitari
855 3116 898 3180 ad
914 3116 1077 3180 altissima
1087 3117 1204 3181 salutis
1215 3115 1386 3179 humanae
1401 3131 1496 3176 reco-

389 3224 489 3289 lenda
505 3225 674 3308 mysteria.
685 3262 728 3272 -
746 3225 865 3308 Itaque
879 3225 1056 3289 consilium
1071 3225 1161 3289 istud
1177 3233 1273 3289 tuum
1289 3242 1356 3287 non
1385 3222 1500 3286 minus

388 3334 433 3398 ab
462 3334 714 3415 opportunitate
745 3334 941 3411 iudicamus,
970 3353 1072 3416 quam
1103 3354 1124 3398 a
1149 3333 1275 3416 pietate
1297 3328 1498 3395 laudabile:

233 3434 318 3480 [Μ’
331 3435 361 3489 Χ
356 3441 517 3524 tibique
532 3449 686 3505 auctores
701 3461 817 3506 sumus
833 3449 871 3505 ut
892 3442 935 3506 ad
960 3460 1040 3519 rem,
1055 3441 1201 3524 propitio
1219 3441 1303 3518 Deo,
1319 3435 1499 3520 Nobisque

208 3494 326 3612 ruffus
388 3549 640 3634 perlibentibus,
651 3550 857 3633 aggrediare.
870 3549 943 3614 Nos
966 3571 1045 3614 vero
1061 3551 1104 3614 ad
1120 3570 1160 3614 ea
1175 3550 1355 3624 intuentes,
1369 3565 1458 3628 quae
1473 3565 1496 3610 a

214 3612 362 3717 lssusl‘lu·
390 3659 505 3724 Leone
520 3658 555 3722 X
570 3659 745 3722 decessore
761 3657 887 3724 Nostro
902 3678 961 3742 per
972 3658 1103 3724 litteras
1114 3657 1329 3742 Apostolicas
1339 3655 1504 3718 Salvator

214 3744 363 3834 mre?
387 3767 518 3845 Noster,
542 3785 632 3830 anno
663 3779 755 3847 1514,
785 3766 977 3850 7calendas
1005 3767 1184 3844 Februarii,
1201 3763 1327 3830 simili
1317 3783 1351 3828 m
1375 3781 1498 3826 caussa

213 3849 323 3894 “md't'
389 3875 571 3940 constituta
583 3883 678 3938 sunt
671 3893 758 3956 quo
768 3873 876 3956 pietas
889 3874 1023 3957 publica
1034 3895 1190 3958 magrsac
1202 3893 1309 3956 magis
1327 3870 1498 3948 incitetur,

389 3982 580 4065 fructusque
601 3980 686 4048 ierat
708 3982 885 4059 uberiores,
900 3983 1108 4047 decrevimus
1134 3983 1261 4047 civibus
1288 3977 1499 4060 advenisque

389 4088 550 4154 universis
565 4088 768 4172 pontificalis
784 4088 1066 4172 indulgentiae,ad
1079 4091 1170 4155 labes
1180 4090 1284 4158 animi
1294 4085 1496 4170 expiandas,

389 4196 551 4263 beneficia
567 4197 726 4262 tribuere:
754 4196 856 4281 idque
886 4218 931 4262 ex
957 4198 1075 4263 litteris
1090 4199 1300 4264 commodius
1315 4197 1503 4281 intelliges,

390 4325 474 4389 quas
490 4324 530 4368 ea
542 4303 584 4366 de
601 4324 638 4367 re
653 4303 808 4369 iussimus
824 4305 985 4388 expediri.
1000 4343 1044 4354 —
1060 4306 1193 4372 Interea
1206 4307 1401 4372 caelestium
1419 4323 1499 4376 mu.
