3352 4926
579 291 701 344 mosx
728 292 977 348 amanuncus.
1259 294 1329 366 279

223 401 294 412 ⁸——

1275 442 1330 495 Pet.

285 521 497 594 perfectionem,
516 523 621 595 quippe
643 539 694 594 per
718 540 815 579 veram
838 524 1012 594 religionem,
1031 525 1170 597 attingere
1194 544 1258 599 pos·

285 601 321 656 sit
350 617 389 670 19.
403 630 438 641 —
457 603 548 672 Leges
576 601 658 672 proin
672 602 770 657 civiles
801 603 932 658 ordinem
956 604 1093 662 moralem
1118 606 1259 676 respicere

285 680 389 736 debent
405 696 444 749 ¹9·
457 711 491 723 -
504 682 593 738 Unde
606 681 737 738 Ecclesia
752 699 788 737 ne
794 682 854 752 quit
864 683 1034 754 patrocinari
1044 685 1135 740 malos
1148 685 1259 756 legisla-

284 772 368 828 tores,
380 761 433 815 sed
445 760 540 817 fovere
552 778 602 816 eos
615 761 701 818 debet
715 778 788 833 quos
819 761 929 833 aequius
954 761 1030 818 civili
1041 772 1184 835 potestate
1196 782 1260 820 usu·

287 857 335 896 ros
348 839 486 912 praevidet
499 853 587 910 19·2o.

321 921 364 976 lta
382 932 410 976 et
434 921 568 976 catholici
581 931 668 991 agant
681 930 797 991 oportet
812 935 858 976 20.
871 951 906 962 -—
926 921 1090 978 Consensus
1099 923 1259 980 animorum

282 999 460 1054 necessarius
481 998 520 1056 ad
535 999 676 1054 fallendas
701 998 826 1054 insidias
850 1000 975 1056 hostium
1000 999 1156 1068 Ecclesiae;
1181 1003 1257 1074 quod

283 1079 464 1148 experientia,
478 1096 513 1134 ex
536 1079 650 1134 defectu
671 1079 837 1134 concordiae
864 1089 950 1151 atque
976 1079 1088 1135 virtutis
1106 1081 1255 1150 bonorum,

283 1157 422 1212 malorum
434 1157 555 1213 audacia
566 1174 698 1213 crescens
713 1157 809 1214 docuit
823 1173 903 1212 20.-
914 1161 972 1214 Res
984 1159 1141 1216 catholicas
1153 1158 1255 1216 recturi

283 1235 392 1304 fugiant
416 1237 500 1292 simul
518 1235 621 1292 falsam
634 1236 817 1306 prudentiam
829 1255 863 1293 ac
873 1237 1064 1293 temeritatem
1076 1253 1122 1294 no.
1132 1268 1168 1278 -
1190 1240 1257 1292 Pru-

283 1313 381 1370 dentia
404 1315 499 1372 carnis
523 1317 693 1372 describitur
716 1331 757 1372 20.
783 1347 819 1358 —-
844 1319 940 1388 Quam
965 1317 1068 1372 nociva
1092 1319 1128 1374 sit
1164 1337 1259 1376 causae

283 1394 446 1450 christianae
481 1395 748 1452 ostenditur21.-
766 1397 834 1452 Non
847 1411 929 1452 secus
942 1411 976 1450 ac
989 1395 1062 1451 falso
1092 1397 1255 1468 prudentes,

284 1470 451 1542 increpandi
469 1483 543 1542 sunt,
568 1473 617 1544 qui
641 1483 740 1544 partes
760 1473 961 1546 magistrorum
985 1475 1040 1530 sibi
1064 1478 1214 1532 temerarie
1230 1487 1258 1534 et

285 1552 461 1606 contentiose
474 1562 622 1608 assumunt
631 1569 673 1608 21.
684 1583 720 1594 -
728 1553 845 1624 Optime
857 1563 934 1609 certe
946 1552 995 1624 qui
1008 1564 1122 1609 strenue
1131 1553 1257 1626 quidem,

284 1630 336 1684 sed
345 1641 374 1684 ut
384 1629 488 1687 milites
500 1632 619 1689 ducibus
633 1643 774 1702 parentes,
784 1633 814 1689 io
822 1643 967 1688 certamen
977 1633 1154 1690 descendunt
1165 1649 1255 1691 21-22.

285 1708 508 1766 Commendatur
529 1713 591 1768 haec
624 1711 712 1767 virtus
742 1711 916 1780 indeficiens,
942 1712 1100 1781 prudentiae
1142 1713 1257 1783 spiritus

283 1788 435 1859 conjuncta
448 1805 490 1860 23.
502 1821 536 1832 -
550 1790 669 1847 Politica
693 1791 843 1862 prudentia
854 1793 962 1848 bonum
974 1808 1126 1848 commune
1147 1794 1256 1864 prospi-

210 1877 213 1883 '
284 1867 371 1935 ciens,
384 1869 412 1924 in
427 1869 558 1926 Ecclesia
577 1869 717 1940 imprimis
742 1872 906 1926 Romanurn
929 1869 1097 1926 Pontificem
1131 1871 1255 1942 respicit,

284 1946 350 2001 dein
366 1948 526 2018 Episcopos
539 1969 546 2016 ;
560 1948 608 2020 qui
621 1949 692 2004 ordo
704 1950 742 2005 ab
753 1950 886 2005 omnibus
900 1959 1026 2004 servetur
1038 1959 1150 2019 oportet
1164 1964 1253 2019 ²²·23·

284 2052 318 2063 -
330 2024 480 2080 Antistites
490 2025 618 2096 judicare
628 2041 686 2080 non
699 2026 872 2096 privatorum
886 2037 929 2080 est
943 2025 994 2080 sed
1013 2026 1138 2096 supremi
1154 2027 1253 2083 Pasto-

285 2103 323 2158 ris
336 2118 351 2157 z
354 2119 377 2172 3.
386 2105 533 2160 -Citatur
541 2105 696 2174 Gregorius
707 2121 828 2174 magnus
841 2119 921 2173 23.-·
934 2105 1085 2159 Summum
1095 2105 1265 2162 remedium.

285 2199 348 2237 esse
361 2182 390 2237 in
403 2183 495 2240 reditu
507 2184 545 2240 ad
558 2185 675 2240 virtutes
689 2184 869 2253 christianas,
883 2184 1012 2254 exemplo
1032 2183 1129 2254 populi
1141 2184 1254 2254 Judaici

285 2271 382 2331 aperte
392 2272 505 2318 constat
519 2278 561 2332 23.

320 2342 353 2396 ln
367 2359 483 2412 posnam
516 2342 751 2412 degenerantium
777 2342 1004 2399 Christianorum
1028 2343 1153 2398 maxima
1177 2342 1254 2398 mala

283 2419 445 2476 civitatibus
458 2422 607 2476 imminent
618 2435 747 2492 23-24.-
758 2421 830 2491 Quae
843 2422 926 2489 mala,
939 2438 1007 2476 cura
1016 2421 1164 2476 hominum
1176 2419 1253 2476 haud

282 2498 469 2566 deflectenda,
482 2518 500 2556 a
513 2501 574 2556 solo
588 2499 767 2556 misericordi
783 2502 846 2555 Deo
859 2500 1002 2555 humiliter
1019 2510 1135 2556 exorato
1148 2499 1252 2572 depelli

282 2589 423 2647 poterunt,
444 2593 472 2636 et
491 2581 673 2637 avirtutibus
683 2580 848 2636 christianis
861 2579 995 2636 redivivis
1009 2593 1052 2647 24.
1061 2609 1093 2620 —
1108 2580 1252 2651 Imprimis

281 2657 452 2714 instauretur
475 2659 599 2716 caritas:
620 2659 724 2716 caritas
749 2677 853 2731 nempe
868 2661 923 2715 Dei
936 2659 1090 2731 conjuncta
1101 2677 1167 2716 curn
1180 2660 1250 2716 cari-

282 2749 341 2792 tate
365 2738 558 2808 proximorum
572 2754 613 2806 24
631 2769 668 2780 -
687 2739 915 2796 commendatur
944 2739 1113 2795 mandatum
1143 2756 1251 2794 novum

281 2817 407 2871 caritatis
428 2817 569 2884 fraternae,
583 2836 600 2872 a
615 2818 714 2888 primis
740 2818 903 2874 christianis
926 2820 997 2873 mire
1010 2829 1139 2886 serratae,
1165 2818 1252 2874 hodie

283 2903 393 2944 summe
403 2889 572 2944 necessariae
586 2904 601 2943 2
606 2903 668 2959 5.-
683 2891 838 2944 Morientur
848 2889 1075 2959 patresfamilias,
1086 2901 1116 2944 ut
1129 2888 1251 2944 educan-

282 2965 383 3022 dorum
403 2967 557 3024 christiane
569 2967 722 3024 liberorum
738 2969 838 3023 sedulo
851 2985 968 3038 operam
990 2967 1147 3038 suscipiant
1160 2981 1203 3037 25.
1217 2997 1252 3006 -

284 3045 384 3115 Qualis
395 3063 461 3103 esse
473 3048 577 3104 debeat
590 3047 645 3102 ista
654 3047 795 3104 institutio
809 3063 824 3100 2
829 3049 939 3116 5-26.-
949 3047 1194 3102 Commendantur
1206 3061 1252 3100 ca·

282 3125 379 3180 tholici
393 3127 441 3197 qui
455 3128 568 3182 scholas
581 3125 695 3197 proprio
706 3136 821 3196 sumptu
832 3142 968 3196 paravere
982 3127 1023 3181 26.
1037 3157 1073 3166 -
1086 3125 1253 3182 stimulatur

282 3205 357 3260 relus
370 3207 539 3261 antistitum
553 3206 595 3260 26.
609 3235 644 3246 -
655 3206 822 3277 Apostolica
830 3205 993 3261 benedictio
1005 3204 1165 3274 impertitur
1174 3218 1216 3270 27.

209 3337 240 3389 3.
257 3339 462 3390 LITTERAE
492 3341 778 3402 APOSTOLICAE,
820 3341 967 3391 detesto
993 3341 1022 3390 S.
1061 3339 1190 3400 losephi
1216 3341 1251 3390 ln

282 3427 447 3491 Hlspanla
465 3429 720 3490 regionibusque
744 3431 773 3480 el
802 3431 958 3480 sublectis
991 3427 1202 3480 reslltuondo.
1217 3453 1253 3462 -

281 3514 606 3567 281auuar.1890...

320 3624 398 3679 lnter
408 3625 515 3680 fructus
525 3626 657 3681 erecenti
670 3625 829 3695 Encyclica
842 3635 991 3696 perceptos
1006 3625 1136 3679 Pontifex
1148 3623 1252 3680 salutat

283 3702 432 3774 Hispania
462 3705 612 3760 catholicae
633 3705 842 3776 postulationes
855 3705 891 3760 de
924 3703 1113 3760 instaurando
1139 3703 1251 3774 publice

282 3781 354 3836 festo
375 3783 404 3837 S.
419 3783 534 3854 losephi
548 3785 590 3838 28.
600 3813 634 3824 -
648 3783 735 3838 Tituli
756 3783 793 3838 ad
807 3785 882 3839 hunc
896 3784 1001 3838 cultum
1015 3782 1251 3838 commendantur

281 3859 486 3930 specialissime
510 3879 562 3930 pro
576 3863 731 3933 Hispania,
757 3864 785 3918 S.
799 3864 933 3930 Teresioe,
958 3861 1070 3916 eximiae
1091 3861 1120 3916 S.
1133 3861 1250 3930 Josephi

282 3940 413 4010 cultricis,
438 3943 531 4012 patria
555 3942 600 3997 28.
616 3971 650 3982 -
673 3943 762 3996 Ratas
793 3941 902 3996 habens
927 3941 1014 3994 hasce
1045 3937 1251 4008 postulationes

285 4018 414 4074 Pontifex
426 4022 518 4076 saucit
532 4021 635 4076 festum
651 4036 683 4090 19
694 4020 787 4076 martii
802 4037 852 4090 per
868 4031 958 4075 totam
971 4017 1142 4088 Hispaniam
1151 4017 1250 4072 diebus

284 4096 364 4154 festis
377 4101 588 4156 accensendum
607 4114 649 4169 29·

254 4231 284 4280 4.
301 4233 510 4285 EPISTOLA
523 4233 566 4284 ad
579 4233 790 4286 Cardlualem
804 4231 990 4292 Rampolla,
1008 4229 1049 4280 de
1062 4231 1167 4279 morte
1180 4227 1251 4279 ira-

220 4323 1037 4392 trts1osepnlcaroina1n.-rsrohruan1890...
1288 4336 1322 4390 30
