3354 4938
550 339 876 421 maranus
904 339 1351 424 APOSTOLICAE

286 1005 302 1048 ⁴
586 997 749 1065 RATUS
770 998 909 1082 quidem
925 1003 959 1061 et
976 995 1140 1060 iucundus
1157 995 1266 1062 Nobis
1281 997 1404 1064 accidit
1420 1019 1505 1064 nun·

230 1050 355 1160 Mffihsln
558 1108 567 1193 ζ
605 1104 684 1180 cius,
696 1100 856 1182 singulari
874 1098 981 1164 animi
996 1098 1116 1163 ardore
1137 1099 1181 1163 ab
1197 1100 1351 1164 universo
1366 1099 1503 1168 Carme·

216 1210 370 1314 daliwi?
557 1230 567 1265 a
606 1205 739 1270 litatum
747 1202 1336 1270 Excalceatorumordinesollemnia
1349 1211 1503 1290 apparari

216 1328 309 1374 lemnia
340 1328 368 1373 ue
518 1324 536 1341 ⁶·
563 1326 574 1359 ι·
606 1309 647 1373 ad
678 1307 889 1373 recolendam
920 1306 1116 1370 memoriam
1148 1305 1264 1373 Sancti
1296 1308 1455 1374 Iohannis
1483 1333 1505 1376 a

215 1389 369 1550 {lima
393 1413 509 1492 Cruce,
534 1413 590 1496 qui
616 1413 745 1496 primus
761 1411 911 1476 eiusdem
937 1409 1065 1473 ordinis
1081 1409 1258 1492 professor,
1283 1411 1368 1478 alter
1383 1415 1503 1480 merito

216 1565 246 1609 b
216 1513 295 1618 ''¹22‘'
304 1507 368 1610 βψ·
392 1537 513 1600 parens
534 1526 757 1599 nuncupatur,
776 1514 876 1580 tertio
904 1521 1056 1580 exeunte
1072 1513 1205 1578 saeculo
1230 1534 1274 1578 ex
1290 1535 1359 1598 quo
1374 1516 1506 1584 solutus

215 1624 369 1729 tisexaagan
391 1621 540 1703 corporis
556 1619 696 1684 vinculis
711 1619 754 1684 ad
766 1616 962 1683 caelestium
975 1617 1075 1682 sedes
1087 1617 1408 1702 avolavitAequum
1423 1641 1505 1688 sane

124 1773 127 1778 .
211 1744 350 1812 proclamat
392 1734 443 1788 est
459 1735 622 1808 gratoque
638 1723 753 1788 animo
780 1742 848 1786 non
865 1722 974 1786 minus
1004 1741 1107 1804 quam
1123 1721 1242 1804 pietati
1262 1725 1411 1789 maxime
1426 1745 1505 1791 con·

211 1809 267 1906 32¹„
286 1801 368 1911 §ruffi
392 1837 590 1893 sentaneum
607 1836 644 1891 ut
660 1825 748 1891 ab'
726 1846 767 1889 ns
788 1824 933 1889 honores
951 1824 1139 1907 singulares
1166 1824 1351 1892 habeantur
1366 1830 1506 1894 sanctis-

215 1919 293 2025 ΞΞΞΞΞΞ
338 1929 479 2023 {simo
493 1932 574 2008 viro,
589 1929 645 2013 qui
668 1929 792 2004 labore,
817 1927 979 2005 doctrina,
1003 1946 1146 2009 operosa
1168 1929 1347 1994 sedulitate
1371 1932 1507 2016 egregie

214 2054 235 2097 n
232 2038 368 2142 ’τΞΞᾱωίΞ-
392 2035 435 2100 de
451 2035 570 2100 eodem
587 2033 704 2098 ordine
721 2033 850 2109 meruit,
876 2030 1039 2114 illumque
1060 2031 1318 2098 clarissimarum
1343 2035 1505 2101 virtutum

215 2113 249 2144 'm
262 2097 363 2144 mom
392 2137 570 2220 splendore
583 2135 768 2201 illustravit
785 2133 962 2216 Siquidem
983 2141 1060 2216 post
1072 2134 1254 2200 saecularia
1270 2134 1445 2202 sollemnia
1460 2141 1505 2206 ob

393 2240 590 2307 memoriam
612 2239 759 2306 Sanctae
774 2238 931 2304 Teresiae
952 2237 1209 2304 Carmelitarum
1222 2239 1505 2308 Excalceatorum

392 2344 539 2410 familiae
560 2345 676 2410 matris
692 2353 726 2407 et
749 2343 929 2426 magistrae
956 2353 1150 2426 opportuna
1172 2344 1307 2427 quidem
1322 2344 1434 2410 oblata
1450 2357 1506 2414 est

393 2450 524 2514 occasio
550 2446 741 2513 celebrandi
766 2445 856 2510 haud
885 2445 992 2510 multo
1019 2456 1096 2528 post
1123 2446 1246 2512 festum
1273 2450 1502 2514 centenarium

394 2551 510 2618 Sancti
528 2551 688 2618 Iohannis
703 2570 724 2614 a
741 2549 857 2615 Cruce.
875 2549 931 2615 Sic
949 2571 1016 2615 non
1033 2551 1138 2634 longo
1153 2553 1314 2636 temporis
1329 2552 1508 2619 intervallo

394 2658 452 2739 qui
468 2655 535 2720 iam
552 2664 688 2720 sanctae
698 2653 835 2736 virginis
852 2653 1008 2738 legiferae
1024 2655 1135 2720 socius
1150 2659 1261 2740 operis
1270 2656 1508 2741 eminentque

351 2748 354 2756 ’
394 2761 427 2823 in
446 2758 607 2842 mysticae
622 2757 812 2840 theologiae
829 2758 959 2822 arcanis
978 2758 1103 2841 scripto
1118 2758 1328 2842 explicandis
1344 2779 1450 2844 aeque
1464 2781 1507 2826 ac

394 2862 452 2927 illa
474 2861 634 2926 divinitus
657 2862 839 2926 instructus
862 2863 1062 2928 eorumdem
1079 2861 1245 2928 bonorum
1272 2863 1315 2928 sit
1330 2865 1507 2949 particeps.

396 2967 469 3030 Nos
485 2985 564 3031 vero
572 2984 666 3049 spem
677 2965 842 3048 optimam
854 2963 1007 3030 levemus
1018 2964 1088 3030 sore
1105 2975 1142 3032 ut
1154 2968 1318 3032 eiusmodi
1330 2967 1509 3034 sollemnia

395 3089 462 3134 non
478 3087 585 3133 vacua
608 3066 719 3133 lutura
745 3068 813 3132 sint
840 3066 948 3131 fructu
975 3067 1248 3135 christifidelibus
1273 3067 1441 3148 omnibus,
1465 3089 1507 3136 ac

395 3172 589 3255 praesertim
600 3170 858 3254 Carmelitis,qui
875 3171 975 3236 beato
997 3191 1042 3236 ex
1058 3171 1186 3238 familia
1201 3193 1261 3238 sua
1276 3172 1387 3238 caeliti
1400 3174 1508 3238 hono-

396 3295 447 3340 res
463 3295 539 3339 cum
555 3274 766 3352 detulerint·
758 3294 790 3338 m
808 3274 1053 3358 cogitationem
1071 3275 1168 3341 facile
1183 3277 1391 3342 deducentur
1401 3277 1505 3344 virtu·

218 3421 245 3469 3
263 3362 372 3472 mg
396 3389 469 3446 tum
485 3379 856 3464 praestantissimarum,
879 3379 1000 3463 qulbus
1022 3380 1079 3444 ille
1097 3382 1208 3464 quoad
1225 3381 1312 3446 vixit
1335 3382 1479 3446 ceteris
1469 3401 1505 3446 rn

218 3495 310 3585 {21
247 3541 323 3584 amu
295 3481 372 3527 ΕΜ(
395 3487 590 3570 exemplum
607 3485 788 3568 praefulsit.
805 3485 918 3552 Exire
931 3488 1110 3554 virtutibus
1126 3489 1207 3554 libet
1222 3488 1285 3553 hac
1309 3489 1505 3572 praesertim

210 3599 333 3658 staurus
342 3612 371 3643 ac
395 3598 465 3655 tam
482 3591 621 3654 adversa
639 3589 809 3654 Ecclesiae
823 3609 863 3654 ac
880 3591 1043 3674 religiosis
1060 3592 1195 3657 familiis
1211 3600 1413 3676 tempestate
1435 3611 1506 3656 me·

213 3659 361 3762 'chrsslllh
396 3713 526 3760 morare
551 3691 783 3759 admirabilem
808 3693 926 3760 Sancti
952 3695 1150 3760 Iohannisa
1172 3695 1279 3762 Cruce
1305 3694 1505 3779 patientiam

215 3776 370 3880 Z'sssm‘sffl'
395 3818 472 3864 cum
488 3795 613 3862 invicta
635 3797 825 3862 constantia
841 3798 1074 3864 coniunctam:
1100 3798 1304 3884 gravissimis
1327 3799 1418 3864 enim
1433 3817 1509 3862 mo·

217 3895 361 3999 mm?
396 3903 510 3980 lestiis,
525 3900 784 3985 asperrimisque
810 3903 979 3966 aerumnis
994 3901 1042 3967 ita
1071 3912 1214 3968 vexatus
1236 3902 1370 3968 assidue
1394 3901 1457 3968 suit
1472 3911 1510 3968 et

397 4007 549 4083 afflictus,
563 4015 601 4071 nt
616 4027 693 4071 vere
707 4005 822 4072 Crucis
837 4006 963 4072 habere
978 4027 1101 4073 nomen
1114 4018 1149 4074 et
1163 4029 1249 4074 onus
1259 4008 1408 4074 subferre
1416 4007 1510 4074 visus

396 4113 447 4178 sit.
464 4110 613 4176 Easdem
629 4120 742 4175 tamen
756 4119 826 4176 tam
844 4111 1020 4194 patienter,
1038 4121 1140 4197 atque
1150 4133 1189 4178 ea
1205 4113 1379 4178 voluntate
1393 4123 1508 4196 pertn-¹

395 4217 442 4293 lit,
451 4223 488 4278 ut
503 4213 567 4276 hoc
586 4213 720 4279 unicum
737 4215 805 4278 suis
822 4214 1000 4280 laboribus
1011 4217 1198 4300 praemium
1213 4213 1400 4300 expetierit,
1413 4213 1512 4280 nimi·
