1006 1419
291 152 326 175 178
365 157 459 170 umerum
469 156 548 170 nncvcr..
558 153 569 161 ⁴¹
579 156 645 170 rutrum
655 156 749 169 novarum
758 165 769 172 .,

272 209 276 212 ⁴
289 207 317 218 eos
325 202 354 223 qui
361 206 429 223 operam
438 201 530 221 conferant,
537 201 581 217 inter
594 206 612 217 se
624 203 691 222 oportet
703 200 789 217 contineri.
797 201 846 218 Peri.

289 227 345 244 eulosa
353 232 393 243 vero
398 227 490 246 contentio,
495 227 558 248 quippe
564 232 607 248 quae
613 227 635 243 ab
641 227 737 243 horninibus
742 227 846 244 turbulentis

288 256 305 270 et
313 254 377 270 callidis
385 253 407 269 ad
415 253 544 274 pervertendum
557 253 636 269 iudicium
649 253 683 269 veri
691 253 846 275 concitandumque

288 280 367 296 seditiose
375 279 499 296 multitudinem
513 279 576 300 passim
590 279 703 300 detorquetur.
711 279 808 300 Utcumque
816 280 847 300 sit¹

271 319 275 322 ,
288 306 338 327 plane
351 306 431 325 videmus,
443 305 488 326 quod
502 306 610 322 consentiunt
623 305 699 325 universi,
713 305 780 321 infimae
793 306 847 322 sortis

271 334 274 350 ζ
287 332 383 349 hominibus
398 332 474 348 celeriter
488 336 525 348 esse
540 334 591 352 atque
606 334 700 352 opportune
716 331 847 351 consulendum,

287 363 325 374 cum
336 363 374 379 pars
381 358 456 374 maxima
464 358 481 374 in
490 357 551 374 misera
558 357 690 379 calamitosaque
698 357 765 373 fortuna
772 358 846 379 indigne

286 386 376 400 versentur.

308 410 353 426 Nam
358 409 442 426 veteribus
448 409 531 425 artificum
537 409 612 430 collegiis
621 409 705 430 superiore
708 409 845 429 saeculodeletis,

287 436 366 456 nulloque
373 436 390 451 in
398 440 456 451 eorurn
465 435 521 451 locum
529 435 600 451 suffecto
609 435 697 456 praesidio,
703 440 741 451 cum
750 435 786 455 ipsa
794 435 844 451 insti-

271 460 273 480 Ϊ
285 463 323 477 tuta
330 460 409 481 legesque
419 460 496 481 publicae
501 460 565 476 avitam
574 460 671 480 religionem
682 460 772 479 exuissent,
778 460 843 476 sensim

271 492 273 495 ’
285 487 348 503 sactum
356 489 382 503 est
389 489 408 502 ut
415 486 484 507 opifices
498 486 617 502 inhumanitati
629 487 736 502 dominorum
742 486 844 503 effrenatae.

285 518 318 534 que
330 513 460 533 competitorum
476 512 565 533 cupiditati
579 512 664 528 solitarios
679 515 729 533 atque
745 511 844 528 indefensos

285 542 351 559 tempus
365 539 456 555 tradiderit
469 538 535 554 Malum
548 538 598 554 auxit
611 543 662 554 usura
674 543 732 557 vorax,
747 543 790 559 quae
805 543 843 554 non

284 564 335 580 semel
344 564 429 580 Ecclesiae
437 564 499 580 iudicio
510 564 596 583 damnata¹
604 566 661 580 tamen
669 564 691 580 ab
702 564 798 580 horninibus
805 564 843 580 avi-

284 590 310 606 dis
318 593 335 606 et
342 590 447 611 quaestuosis
455 595 485 611 per
492 590 542 606 aliam
551 590 624 611 speciem
634 592 721 606 exercetur
728 590 787 606 eadem
795 595 798 605 :
806 589 842 606 huc

284 617 366 633 accedunt
374 619 391 633 et
398 616 488 632 conductio
496 621 565 637 operum
571 619 588 632 et
596 621 650 632 rerum
656 616 731 632 omnium
739 616 842 632 commercia

284 641 317 658 sere
331 642 348 658 in
361 647 452 663 paucorum
466 642 534 658 redacta
547 644 653 663 potestatem,
666 642 690 658 ita
702 644 720 658 ut
732 641 807 662 opulenti
819 646 842 657 ac

284 668 384 689 praedivites
392 668 470 689 perpauci
484 672 537 689 prope
551 668 610 684 servile
619 668 675 689 iugum
684 667 759 683 infinitae
767 667 842 688 proleta-

285 694 346 711 rioruru
355 694 457 711 multitudini
465 694 580 715 imposuerint.

307 720 335 737 Ad
344 720 392 736 huius
401 720 506 736 sanationem
515 720 554 736 mali
563 720 660 736 Socialistae
668 720 741 741 quidem,
750 719 842 736 sollicitae:

286 746 371 767 egentium
384 747 401 762 in
414 746 506 766 locupletes
519 746 586 766 invidia,
594 749 668 762 evertere
675 746 749 767 privatas
756 746 842 762 bonorum

271 777 273 791 ;
285 772 398 793 possessiones
403 772 507 789 contendunt
513 775 594 793 oportere,
601 777 691 793 earumque
701 772 738 788 loco
744 772 843 788 communia

285 798 366 814 universis
377 798 481 819 singulorum
495 798 540 814 bona
554 798 611 818 facere,
619 798 747 819 procurantibus
759 798 798 814 viris
810 798 843 819 qui

271 842 273 845 v
285 826 314 840 aut
327 824 418 845 municipio
432 824 511 845 praesint,
525 827 555 841 aut
571 826 624 840 totam
640 824 761 845 rempublicam
775 827 844 845 gerant.

286 850 373 867 Eiusmodi
387 850 496 866 translatione
508 850 591 866 bonorum
604 856 614 866 a
629 850 698 871 privatis
709 850 731 866 ad
746 855 843 870 commune,

286 876 348 892 mederi
356 881 374 892 se
382 881 431 897 posse
438 876 524 896 praesenti
533 875 578 892 malo
584 876 689 895 arbitrantur,
695 881 720 892 res
726 878 743 892 et
750 876 844 893 commoda

285 902 328 918 inter
333 902 377 918 cives
383 901 492 923 aequabiliter
500 902 593 923 partiendo.
601 902 635 919 Sed
643 904 669 918 est
679 902 722 918 adeo
732 906 788 918 eorum
797 902 843 918 ratio

271 939 273 948 χ
285 928 306 944 ad
322 928 447 944 contentionem
460 928 573 944 dirimendam
587 928 649 949 inepta,
662 930 680 944 ut
693 928 748 948 ipsum
761 927 842 949 opificum

285 959 338 975 genus
346 954 407 970 afficiat
420 954 538 970 incommodet
550 954 643 975 eademque
656 957 742 975 praeterea
753 956 779 970 est
791 954 843 971 valde

285 980 352 999 iniusta,
362 980 402 1001 quia
414 980 448 996 virn
460 980 584 1001 possessoribus
598 980 677 1001 legitimis
692 980 745 1000 affert,
760 980 842 1001 pervertit

285 1005 339 1022 officia
347 1005 452 1026 reipublicae.
460 1006 560 1027 penitusque
568 1006 627 1022 miscet
634 1006 714 1022 civitates,

307 1032 356 1051 Sane,
362 1032 407 1052 quod
414 1031 462 1048 facile
468 1034 494 1048 est
499 1032 591 1052 pervidere,
597 1033 650 1053 ipsius
656 1037 721 1053 operae,
730 1037 780 1053 quam
788 1033 842 1049 susci·

285 1058 332 1079 piunt
340 1058 369 1079 qui
377 1058 393 1074 in
407 1060 443 1074 arte
450 1057 507 1078 aliqua
520 1061 621 1078 quaestuosa
634 1061 724 1078 versantur.
732 1058 773 1075 haec
784 1063 814 1080 per
821 1064 843 1075 sae

284 1089 343 1101 caussa
350 1086 380 1103 est,
386 1086 437 1104 atque
448 1083 475 1099 hic
482 1083 520 1100 finis
531 1089 565 1105 quo
572 1085 651 1105 proxime
660 1087 725 1105 spectat
731 1084 796 1104 artifex.
803 1090 841 1101 rem

284 1110 315 1127 sibi
320 1115 399 1131 quaerere
404 1110 502 1131 privatoque
508 1110 543 1126 iure
549 1111 635 1132 possidere
641 1111 665 1127 uti
671 1116 718 1127 suam
724 1116 743 1127 ac
750 1111 841 1132 propriam.

285 1137 301 1152 Is
309 1136 353 1152 enim
367 1137 381 1152 si
390 1136 455 1155 vires‚si
466 1136 565 1153 industriam
572 1142 619 1153 suam
630 1137 677 1153 alteri
685 1138 787 1156 commodat.
794 1137 840 1154 hanc

283 1162 306 1179 ob
312 1166 389 1178 caussam
397 1162 494 1178 commodat
499 1165 518 1178 ut
524 1167 551 1179 τω
557 1163 660 1184 adipiscatur
665 1163 687 1180 ad
693 1163 755 1179 victum
766 1163 840 1179 cultum-
