3352 4926
401 273 474 358 264
551 288 733 342 mussona
752 275 771 306 “
790 287 964 340 urnrrrcs
983 287 1055 340 uos
1074 285 1311 338 nsnncrnvrr
1328 318 1349 348 „

397 462 568 544 proposita
590 463 680 528 salus
709 471 760 527 est
786 462 998 528 conflictatae
1022 461 1202 540 Ecclesiae,
1231 470 1265 525 et
1295 459 1383 524 hanc
1405 457 1505 542 quasi

396 567 558 630 instructo
573 566 789 650 confertoque
804 567 940 650 agmine
956 567 1041 632 tueri
1056 565 1202 632 viriliter.
1230 565 1303 628 lam
1328 581 1408 627 vero
1436 563 1502 626 has

397 679 506 751 partes
516 667 741 733 nobilissimas
756 670 903 753 suscepit
918 689 998 752 prae
1013 669 1132 734 ceteris
1146 667 1353 733 consociatio
1379 674 1504 731 vestra.

220 771 309 876 magd
322 771 370 876 lg
395 803 438 816 --
454 770 567 854 Quare
576 772 620 836 ad
631 772 801 837 Ecclesiae
817 773 1020 855 praesidium
1036 773 1120 837 scite
1131 771 1306 837 constituit
1321 771 1505 836 comitatus

218 891 339 936 vincam
397 875 607 957 paroeciales,
622 877 839 942 dioecesanos
855 887 888 941 et
899 877 1197 960 provinciales,qui,
1211 876 1308 958 quasi
1324 871 1502 957 praefectis

217 950 309 1054 iffi
331 963 370 1054 ἷῖ.
396 979 550 1044 addictae
579 980 743 1060 cohortes,
772 980 927 1063 parochis
952 993 986 1046 et
1012 981 1189 1064 Episcopis
1213 977 1311 1044 fidele
1337 978 1503 1061 praebent

217 1067 304 1172 m
330 1082 370 1171 ζζ
398 1083 627 1162 ministerium,
643 1095 743 1167 atque
766 1086 813 1149 ita
830 1085 993 1152 adnititur
1021 1086 1057 1149 in
1084 1104 1189 1149 unum
1213 1103 1332 1168 cogere
1347 1082 1505 1166 palantes

216 1187 312 1292 {ml
325 1187 372 1232 Εε-
397 1205 455 1268 per
473 1184 606 1251 Italiam
622 1198 730 1252 totam
746 1190 928 1253 catholicas
944 1191 1038 1255 vires.
1055 1189 1133 1274 Quo
1149 1191 1239 1254 facto
1253 1207 1295 1266 eo
1309 1186 1449 1252 tenditis
1464 1195 1507 1250 ut

218 1279 365 1350 vnrur'uus-
398 1289 515 1353 ceteris
538 1291 716 1367 coniuncti,
728 1293 786 1374 qui
798 1293 916 1356 eadem
928 1294 1088 1371 sentiunt,
1098 1292 1243 1375 graviter
1257 1312 1297 1357 ac
1309 1287 1509 1354 solemniter

214 1365 374 1493 ᾗζῗξᾳῑξήζξῖ
398 1390 621 1473 profiteamini
637 1394 795 1461 salutaria
806 1395 884 1461 fidei
900 1399 1065 1481 principia
1078 1407 1113 1462 et
1130 1397 1300 1464 doctrinas
1325 1394 1507 1470 Ecclesiae,

214 1482 359 1528 russum.
398 1517 437 1562 ac
453 1509 600 1564 vestrum
616 1500 663 1564 illi
679 1501 854 1566 declaretis
880 1503 1079 1586 obsequium
1110 1504 1329 1584 animumque
1342 1501 1505 1565 addictis-

397 1603 529 1670 simum.
545 1603 659 1689 Quum
687 1625 787 1686 porro
801 1608 884 1672 satis
902 1627 970 1672 non
991 1607 1035 1672 sit
1058 1607 1230 1690 impavida
1244 1605 1322 1670 fidei
1338 1604 1505 1688 professio

398 1705 460 1769 nisi
486 1727 636 1773 consona
658 1707 807 1774 fidelium
837 1711 927 1776 actio
952 1719 1121 1794 sequatur,
1146 1709 1247 1776 vestri
1272 1709 1420 1774 muneris
1449 1719 1505 1774 est

396 1810 553 1877 collectas
569 1813 655 1876 vires
669 1813 813 1898 dirigere
824 1817 867 1878 ad
878 1814 1088 1898 repellendos
1100 1814 1281 1898 impiorum
1293 1815 1506 1898 conatusqui

397 1911 510 1977 favore
525 1913 600 1978 freti
616 1917 804 1998 potentium
821 1918 854 1982 id
872 1927 977 2002 agunt
993 1927 1031 1982 ut
1051 1915 1101 1982 fas
1113 1936 1214 1982 omne
1233 1926 1268 1981 et
1284 1937 1413 1981 sacrum
1442 1919 1508 1982 de-

398 2014 663 2102 leant,simulque
674 2019 1092 2105 efficereutconspiratiopi
1104 2022 1332 2106 improborum
1344 2029 1508 2085 constan·

398 2131 449 2182 ter
463 2121 605 2187 obsistat
620 2143 762 2206 operosa
792 2123 940 2190 fidelium
965 2127 1154 2204 concordia,
1178 2126 1268 2190 unde
1283 2124 1397 2188 omnia
1412 2123 1508 2188 bona

398 2233 538 2290 manant
549 2235 583 2290 et
598 2236 807 2306 ornamenta,
821 2231 943 2311 quibus
954 2231 1061 2294 civilis
1076 2229 1185 2295 cultus
1195 2226 1373 2312 perficitur.

242 2343 376 2390 moratur
444 2328 679 2396 Haecveroeo
694 2335 881 2417 promptius
897 2345 932 2398 et
947 2334 1088 2399 alacrius
1116 2355 1136 2399 a
1159 2334 1255 2399 vobis
1270 2334 1340 2416 geri
1356 2352 1417 2416 par
1441 2339 1508 2408 est,

220 2407 319 2508 iffi
330 2417 373 2522 JZ
399 2433 489 2514 quod
506 2433 540 2496 in
551 2433 616 2498 hoc
631 2436 828 2502 sustinendo
838 2438 1019 2503 certamine
1031 2438 1142 2502 sociae
1162 2437 1259 2504 vobis
1274 2447 1308 2502 et
1324 2434 1509 2501 auxiliares

221 2527 373 2628 milin-
399 2537 516 2620 copiae
532 2559 598 2602 non
620 2540 740 2608 desint.
756 2543 888 2610 Extant
904 2543 993 2608 enim
1011 2545 1044 2607 in
1063 2543 1163 2609 Italia
1178 2553 1212 2608 et
1227 2542 1313 2607 aliae
1333 2539 1511 2606 consocia·

216 2642 376 2758 ἷξξζῖαχζ
399 2641 508 2704 tiones
523 2640 566 2704 de
582 2661 616 2705 re
632 2643 797 2710 catholica
811 2647 941 2729 optime
954 2647 1101 2723 meritae,
1116 2665 1201 2730 quas
1211 2647 1297 2710 inter
1313 2642 1511 2708 meminisse

215 2759 281 2820 surr.
314 2759 374 2828 uer-
401 2741 494 2806 lubet
519 2744 689 2810 societatis
705 2765 791 2829 quae
812 2771 832 2813 a
862 2749 1036 2815 iuventute
1061 2748 1227 2814 catholica
1254 2766 1377 2812 nomen
1393 2745 1510 2821 habet,

222 2831 373 2922 ww
401 2867 562 2931 quaeque,
592 2851 640 2914 uti
672 2853 775 2932 probe
803 2853 917 2932 nostis,
948 2854 1035 2918 ultro
1051 2873 1188 2937 operam
1218 2852 1313 2917 dedit
1341 2861 1378 2916 ut
1394 2861 1506 2914 vestra

399 2949 483 3014 haec
493 2951 728 3018 institueretur.
744 2954 843 3020 Hanc
859 2966 972 3022 autem
997 2957 1280 3022 necessitudinem
1291 2974 1379 3039 quae
1394 2951 1506 3036 iungit

401 3065 576 3138 utramque
592 3077 632 3121 eo
648 3057 806 3124 libentius
822 3062 1007 3139 recolimus,
1022 3061 1114 3145 quod
1130 3061 1228 3126 huius
1255 3058 1441 3125 recordatio
1464 3077 1509 3122 eo

398 3157 508 3221 valere
531 3159 633 3224 debet
656 3170 695 3225 ut
725 3164 834 3227 socios
850 3166 1022 3249 utriusque
1037 3165 1150 3229 studio
1166 3163 1323 3229 incendat
1339 3161 1509 3226 fraternae

398 3261 592 3327 retinendae
608 3265 695 3328 inter
708 3286 781 3330 sese
796 3287 1017 3352 necunquam
1033 3268 1226 3333 defecturae
1236 3267 1445 3332 concordiae
1461 3297 1510 3310 -

228 3446 232 3456 Ι
252 3388 373 3458 Haefffl't·
399 3359 488 3426 Sane
504 3363 586 3428 nihil
602 3369 664 3432 erit
680 3368 776 3433 vobis
790 3369 1033 3446 honestius,aut
1048 3379 1202 3455 spectatu
1215 3369 1507 3452 iucundius‚quam

214 3453 374 3566 {ssfdfssup'fiss
399 3466 426 3527 si
441 3467 579 3532 videant
594 3469 748 3536 homines
759 3475 917 3539 dexteras
934 3476 1076 3540 invicem
1092 3477 1230 3558 iungere
1250 3495 1290 3538 ac
1313 3473 1446 3557 prodire
1471 3471 1509 3536 in

219 3569 373 3682 gr‘amus-
398 3570 504 3634 aciem
520 3573 679 3640 adversus
709 3579 890 3644 instructos
914 3579 1027 3644 hostes
1058 3581 1229 3644 iuventam
1254 3579 1442 3643 animosam
1470 3585 1508 3640 et

398 3673 589 3740 virilitatem
606 3678 785 3759 sollertem,
797 3683 921 3747 sanctis
937 3684 1134 3748 coniunctas
1151 3683 1297 3747 nexibus
1306 3681 1383 3746 fidei
1400 3690 1434 3745 et
1449 3701 1508 3744 ca-

398 3776 506 3840 ritatis
523 3780 698 3860 perfectae,
715 3804 800 3868 quae
816 3807 882 3850 non
907 3789 1038 3870 quaerit
1056 3807 1142 3871 quae
1160 3807 1221 3851 sua
1247 3797 1326 3852 sunt
1341 3786 1401 3850 sed
1417 3804 1508 3868 quae

400 3878 487 3946 IESU
505 3881 673 3950 CHRISTt.
684 3885 784 3970 Quod
802 3890 938 3971 quidem
955 3890 1052 3955 facile
1067 3892 1130 3956 erit
1142 3899 1339 3954 eventurum
1355 3889 1383 3952 si
1399 3889 1508 3952 socie·

399 3991 451 4047 tas
472 3986 655 4053 iuventutis
681 3990 876 4070 catholicae,
900 4013 987 4076 quae
1016 3996 1067 4059 sui
1083 3995 1163 4058 iuris
1185 4006 1220 4058 et
1240 3993 1419 4078 potestatis
1441 4003 1507 4069 est,

250 4101 317 4146 moro
331 4101 374 4160 ju·
398 4096 523 4154 statum
554 4111 662 4173 suum,
691 4105 791 4178 prout
817 4106 852 4162 et
882 4096 954 4162 Nos
984 4099 1151 4182 volumus,
1174 4099 1317 4164 retineat
1340 4117 1380 4162 ac
1399 4097 1509 4161 libera

220 4159 328 4204 venturis

218 4217 316 4286 socratas
330 4220 372 4264 m·
398 4200 509 4256 utatur
525 4193 684 4263 facultate
699 4201 823 4282 agendi
853 4202 887 4266 iu
919 4203 958 4266 iis
985 4203 1141 4268 omnibus
1164 4223 1251 4286 quae
1266 4201 1402 4286 propria
1417 4202 1509 4266 eius·

211 4289 282 4387 {222⁸
319 4291 369 4322 Μ·
395 4293 471 4363 dem
490 4297 698 4369 demonstrat
714 4312 878 4370 statutum
905 4327 973 4388 quo
989 4307 1134 4390 regitur;
1160 4307 1194 4372 in
1212 4306 1286 4371 aliis
1301 4325 1380 4370 vero
1404 4305 1511 4370 rebus
