3364 4928
401 318 447 392 52
520 315 736 370 Auocuno
755 304 776 335 ‘⁸
798 313 941 381 UTIQUE
959 315 1159 368 FELICITER
1176 315 1360 369 CONTIGIT
1379 351 1398 382 ,‚

401 531 493 576 mum
514 508 749 576 beneficiorum
761 509 888 575 iontem
909 509 1084 576 voluntate
1105 510 1298 594 repudiare?
1315 508 1504 593 Siquidem,

401 615 450 680 uti
472 634 572 698 saepe
595 612 796 692 monuimus,
817 613 1032 681 vehementer
1053 624 1166 679 errant
1187 616 1253 698 qui,
1280 622 1393 697 spreto
1408 632 1503 696 prae·

399 721 572 786 teritorum
597 728 787 803 temporum
811 717 1012 796 testimonio,
1036 717 1079 783 ad
1110 721 1366 803 prosperitatem
1393 719 1500 804 impe·

399 823 522 887 riomm
539 831 573 887 et
588 822 761 886 civitatum
778 841 918 906 magnas
932 821 1056 886 habere
1072 820 1259 887 Ecclesiam
1269 823 1503 906 opportunita-

399 937 450 991 tes
473 934 606 1012 negant.
627 927 700 991 Nec
722 946 803 990 sane
817 927 1051 1006 dubitandum,
1079 928 1185 992 multa
1200 936 1304 1010 atquc
1319 927 1444 993 idonea
1468 927 1502 991 in

399 1029 629 1112 praesentibus
659 1028 757 1093 malis
782 1028 938 1094 adiutura
962 1029 1119 1108 remedia,
1144 1031 1172 1094 si
1197 1031 1311 1094 divina
1328 1029 1502 1096 Ecclesiae

399 1131 504 1196 virtus
519 1140 632 1213 posset
644 1131 678 1196 in
694 1134 841 1215 privatos
856 1133 1074 1216 populosque,
1100 1134 1222 1198 amotis
1237 1133 1502 1218 impedimentis,

280 1252 375 1297 Gaudet
399 1235 544 1300 influere.
570 1269 613 1280 —
635 1234 762 1302 Verum
794 1237 836 1302 ad
866 1258 927 1301 vos
957 1239 1048 1318 quod
1064 1248 1204 1320 spectat,
1229 1238 1343 1303 dilecti
1358 1237 1428 1316 filii,
1451 1247 1503 1301 est

221 1311 374 1416 smmi,
399 1356 487 1401 nunc
499 1338 635 1420 quidem
652 1339 741 1421 quod
757 1341 853 1405 vobis
874 1339 1061 1404 laetemur:
1077 1341 1178 1407 habet
1206 1343 1295 1407 enim
1315 1341 1498 1406 Germania

220 1429 351 1535 msam
398 1451 508 1506 vestra
522 1461 591 1526 quo
617 1443 733 1509 sedare
759 1445 935 1508 diuturnos
965 1443 1040 1508 illos
1064 1455 1171 1510 metus
1202 1455 1236 1509 et
1260 1445 1503 1511 sollicitudines

397 1547 553 1630 pristinas
569 1547 743 1630 possimus.
759 1539 927 1612 Nimirum
944 1569 988 1612 ex
1012 1549 1052 1613 iis
1067 1550 1282 1630 opinionibus
1297 1561 1330 1616 et
1363 1548 1503 1614 infensis

396 1648 535 1732 legibus,
550 1669 637 1732 quae
661 1649 911 1714 dimicationem
938 1660 1131 1734 genuerant,
1162 1650 1233 1716 fieri
1264 1653 1430 1736 quaedam
1458 1650 1503 1713 ad

397 1750 540 1816 veriores
560 1753 742 1817 sententias
763 1753 936 1819 inclinatio
960 1755 1031 1819 visa
1046 1766 1106 1822 est.
1121 1755 1273 1821 Consilia
1289 1756 1362 1839 ipsa
1388 1753 1503 1820 multis

398 1856 548 1939 partibus
563 1855 710 1941 pacifica,
726 1878 811 1940 quae
828 1878 887 1941 per
908 1857 970 1923 hos
992 1870 1180 1943 postremos
1204 1858 1418 1944 praevaluere
1445 1879 1502 1922 an·

398 1980 469 2040 nos,
483 1960 602 2026 eodem
619 1961 852 2026 existimamus
876 1983 1091 2045 progressura
1123 1984 1232 2042 cursu,
1263 1973 1300 2028 ut
1328 1961 1501 2028 Ecclesiae

399 2064 496 2129 liceat
511 2085 531 2128 a
546 2065 732 2148 praeteritis
746 2064 993 2130 calamitatibus
1019 2068 1151 2150 penitus
1175 2069 1343 2152 respirare.
1369 2065 1503 2130 Nihilo·

223 2151 377 2268 „mxsss‘p'ffj
400 2170 510 2233 minus
529 2171 666 2234 minime
677 2170 868 2234 desistimus
891 2171 1052 2256 respicere
1067 2193 1137 2250 vos,
1152 2173 1265 2238 dilecti
1281 2171 1339 2238 filii
1361 2196 1375 2259 :v
1400 2181 1503 2255 atque

222 2270 283 2327 'W‘
326 2269 374 2326 Νι·
402 2275 434 2337 in
450 2274 502 2338 his
518 2275 598 2357 ipsis
614 2273 874 2353 difficultatibus,
899 2295 986 2359 quae
1011 2276 1085 2340 Nos
1109 2277 1265 2341 obsident
1287 2277 1390 2354 domi,
1419 2275 1502 2338 nihil

223 2327 375 2432 Zssmlffssfss.
401 2396 480 2440 cura
495 2377 673 2460 studioque
689 2377 814 2442 maiore
828 2377 882 2442 vel
897 2379 1090 2462 expetimus
1106 2378 1158 2442 vel
1175 2379 1374 2458 laboramus,
1400 2398 1503 2462 quam

224 2453 269 2490 lem
301 2446 375 2506 sulec·
462 2481 470 2494 .
664 2481 671 2496 .
777 2482 784 2497 .
990 2483 998 2498 .
1199 2487 1206 2500 .
1290 2486 1297 2500 .

226 2519 287 2551 ram,
402 2489 439 2543 ut
460 2499 494 2543 ru
512 2479 713 2545 Germaniae
729 2481 849 2547 finibus
864 2483 1045 2566 tranqurlla
1077 2483 1248 2548 Ecclesiae
1275 2485 1411 2550 libertas
1427 2503 1503 2546 curn

402 2584 579 2650 securitate
602 2585 695 2649 salva
713 2587 764 2650 sit.
781 2585 931 2667 Sperare,
950 2607 1036 2670 quae
1051 2589 1213 2670 cupimus,
1229 2587 1340 2673 plures
1366 2608 1505 2653 caussae

403 2689 540 2753 iubent:
556 2687 718 2754 celsitudo
733 2690 835 2754 animi
858 2700 959 2773 atque
982 2694 1134 2774 aequitas
1157 2693 1358 2757 serenissimi
1393 2692 1505 2776 Impe-

402 2792 546 2856 ratoris:
583 2793 772 2856 constantia
794 2793 948 2871 virorum,
985 2794 1042 2877 qui
1066 2796 1260 2877 praesertim
1286 2794 1318 2858 in
1344 2795 1505 2878 legumla-

403 2905 523 2972 torum‚
545 2907 641 2960 coetu
665 2917 726 2978 pro
760 2896 885 2959 iuribus
923 2896 1094 2962 Ecclesiae
1127 2899 1185 2962 diu
1212 2908 1246 2963 et
1270 2910 1404 2963 strenue
1426 2920 1505 2964 con-

403 3000 565 3063 tendunt:
588 2998 765 3062 concordia
788 2999 947 3076 omnium,
970 3010 1138 3084 quotquot
1160 3001 1239 3064 estis
1271 3003 1304 3064 in
1322 3000 1506 3066 Germania

404 3103 568 3170 catholici.

249 3287 253 3296 Ι
282 3226 382 3272 undar
449 3207 521 3271 Nos
552 3207 683 3270 interim
707 3227 727 3272 a
757 3217 937 3290 conspectu
968 3217 1003 3271 et
1028 3209 1162 3292 egregia
1192 3207 1366 3273 voluntate
1394 3217 1509 3272 vestra

222 3289 360 3406 ssm,
405 3333 507 3376 suave
517 3313 718 3396 percipimus
733 3311 899 3390 solatium,
926 3312 1026 3395 idque
1042 3323 1137 3376 tanto
1153 3314 1260 3396 magis
1292 3323 1326 3375 et
1351 3322 1506 3395 optatum

227 3405 381 3510 mim
405 3425 439 3478 et
450 3425 687 3497 opportunum,
701 3423 829 3496 quanto
845 3415 916 3479 Nos
931 3413 1101 3477 acerbiora
1113 3425 1274 3497 premunt
1294 3414 1327 3476 in
1349 3422 1418 3478 tam
1431 3413 1508 3477 diu·

404 3531 503 3582 turna
528 3519 649 3581 iurium
674 3516 893 3598 Apostolicae
915 3517 1013 3584 Sedis
1030 3517 1219 3583 violatione.
1238 3519 1359 3602 ltaque
1370 3527 1506 3600 gratum

404 3623 498 3686 vobis
515 3623 665 3686 animum
690 3621 884 3702 profitemur
898 3631 1037 3704 paterna
1064 3643 1140 3686 curn
1165 3621 1402 3687 benevolentia
1425 3641 1508 3684 con-

403 3726 561 3801 iunctum,
608 3735 708 3809 atque
755 3725 924 3808 auspicem
967 3726 1157 3791 divinorum
1194 3744 1371 3791 munerum
1409 3723 1508 3788 vobis

403 3838 438 3891 et
474 3828 607 3892 familiis
645 3828 770 3904 vestris,
807 3827 1003 3912 cunctisque
1040 3850 1059 3893 e
1105 3828 1288 3894 Germania
1328 3825 1509 3892 catholicis

404 3931 635 4015 Apostolicam
658 3931 926 3996 benedictionem
949 3943 1161 4014 peramanter
1182 3931 1404 4014 impertimus
