1006 1419
295 165 320 178 DE
328 165 469 178 UNIVERSITATE
478 165 595 178 OHAWENSI.

169 215 198 226 seu
206 209 335 226 constitutiones
347 209 460 225 universitatis
473 209 559 229 generales
573 211 590 225 et
597 209 662 230 special*

169 235 245 256 propria
250 234 348 251 facultatum
354 234 474 255 philosophiae,
478 234 573 255 theologiae
578 240 598 251 nc
604 235 643 251 iuris
648 240 662 251 cz

169 261 224 277 Nobis
236 261 332 280 exhibuere,
344 260 394 276 enixe
406 261 517 281 adprecantes
530 263 548 276 ut
561 261 583 277 ad
598 266 662 277 examei

169 293 246 304 revocare
260 290 277 304 et
284 287 385 308 Apostolica
393 287 494 303 auctoritate
506 287 605 303 confirmare
612 287 662 308 digna

170 314 206 330 Nos
214 316 275 333 autem,
283 313 361 329 omnibus
369 313 392 329 rei
401 313 490 329 momentis
498 315 564 329 attento
572 319 591 329 ac
601 314 660 330 sedulo

169 339 255 361 perpensis
263 344 300 355 cum
308 339 346 355 VV.
354 339 388 355 FF.
396 339 435 355 NN.
443 339 461 356 S.
469 339 489 355 R.
498 339 518 355 E.
526 339 644 356 Cardinalibus
652 344 662 355 n

169 366 288 387 propagandae
302 365 341 381 fidei
356 365 461 386 praepositis,
473 367 562 386 postquam
575 365 643 386 praevio
658 371 662 381 ι

168 391 248 407 examine
263 392 325 406 statuta
339 392 356 406 et
368 390 496 406 constitutiones
513 390 607 410 praedictas
619 390 640 406 de
654 390 662 406 fl

169 417 267 433 eorumdem
284 416 354 432 consilio
371 418 465 436 opportune
480 416 612 435 emendavimus,
628 421 662 432 mer

168 442 245 463 precibus
260 442 368 458 annuendum
386 441 525 458 existimavimus.
541 441 598 462 Quare
614 442 662 458 ornni'

168 468 239 489 singulis
247 468 307 489 quibus
314 468 386 483 Nostrae
392 468 423 483 hae
430 467 494 483 litterae
500 467 562 487 favent,
568 467 647 488 peculiari
653 468 662 483 h

169 494 221 511 lentia
233 493 365 514 complectentes
377 496 394 509 et
402 493 506 514 aquibusvis
519 494 661 510 excommunicati

169 520 258 539 interdicti,
263 520 333 540 aliisque
339 519 455 536 ecclesiasticis
461 520 539 539 censuris,
546 520 633 535 sententiis
641 522 658 536 et

168 547 228 567 quovis
237 546 292 565 modo.
300 546 326 561 vel
334 546 393 566 quavis
400 546 422 562 de
431 551 490 562 caussa
498 546 541 565 latis,
549 546 562 561 si
571 551 612 566 quas
620 545 662 562 sorte

169 572 225 591 rerint,
233 572 282 588 huius
289 574 355 588 tantum
364 572 387 588 rei
395 572 449 592 gratia
457 571 563 587 absolventes
571 574 588 587 et
596 571 662 588 absolut

169 600 261 617 censentes,
269 598 362 614 catholicae
370 598 482 614 universitatis
490 598 584 613 studiorum
595 597 662 613 civitati:

169 624 230 640 wensis
242 626 310 643 statuta,
323 629 352 640 seu
365 623 493 640 constitutiones
508 623 594 644 generales
610 628 629 639 ac
644 628 662 643 sp

169 650 291 671 philosophiae,
297 650 391 670 theologiae
399 652 416 666 et
425 649 465 665 iuris
472 649 548 665 canonici
557 649 656 665 facultatum

169 677 223 695 datas,
236 676 284 692 iuxta
296 676 391 692 exhibitum
404 675 495 696 exemplar,
503 676 550 691 cuius
563 675 617 696 prima
624 675 662 690 verb

171 706 180 720 (
189 701 300 718 Universitati
308 701 400 718 catholicae
409 705 418 718 )
427 703 511 722 postrema
521 706 560 717 vero
569 704 578 718 ε
588 701 656 717 Νἰὴῐί..,

169 728 245 747 tandum,
254 730 283 744 aut
291 728 383 744 tollendum
397 727 491 743 inconsulta
504 727 567 744 Sancta
576 727 620 743 Sede
629 730 643 746 ),
651 732 662 747 q

169 754 253 771 tabulatio
266 754 365 770 secrerariae
379 753 451 770 Nostrae
463 753 538 770 brevium
551 753 631 769 custodiri
640 758 662 769 m:

170 785 213 799 mus,
219 780 318 801 Apostolica
325 780 387 796 Nostra
394 780 494 796 auctoritate
500 780 614 800 praesentium
621 779 637 795 vi
642 780 662 795 de

170 806 290 827 approbamus,
305 806 393 825 sancimus,
412 809 490 826 rarasque
509 806 596 821 habemus.
614 805 660 821 Dece

170 834 267 852 praesentes
273 832 336 847 litteras
343 831 403 851 firmas,
408 831 472 847 validas
478 833 494 847 et
501 831 577 847 efficaces
582 835 648 851 semper
655 836 662 846 e

170 860 187 873 et
201 857 242 877 sore,
256 862 328 878 suosque
340 857 423 878 plenarios
436 859 453 873 et
467 857 541 877 integros
558 856 627 872 effectus
642 862 661 872 so

170 883 252 903 obtinere,
260 888 279 899 ac
287 883 324 902 illis,
332 883 353 899 ad
361 888 404 904 quos
412 885 477 904 spectat
485 886 502 899 et
512 888 542 903 pro
551 885 627 903 tempore
635 887 662 902 qu<

170 909 213 925 libet
221 909 309 930 spectabit,
321 909 337 925 in
345 909 424 925 omnibus
431 911 449 925 et
457 914 486 930 per
497 909 555 925 omnia
566 908 662 929 plenissime

170 935 212 956 gari,
224 938 240 951 et
249 936 313 951 initum
321 940 358 951 esse
365 938 382 951 et
390 936 440 951 inane
447 936 461 951 si
469 940 517 951 secus
525 940 575 955 super
584 935 609 950 his
620 940 630 950 a
638 939 661 955 qu

169 962 230 983 quavis
238 962 343 981 auctoritate,
351 962 422 977 scienter
430 961 456 977 vel
467 961 569 982 ignoranter,
577 960 662 981 contigeril

170 987 208 1004 tari.
222 987 261 1003 Non
277 987 383 1003 obstantibus
398 987 546 1003 constitutionibus
562 989 579 1002 et
594 986 662 1002 ordinat

170 1013 282 1033 Apostolicis,
290 1013 382 1034 ceterisque
390 1013 477 1029 contrariis
485 1013 624 1033 quibuscumque.

194 1038 260 1055 Datum
277 1039 342 1055 Romae
355 1039 400 1059 apud
417 1039 434 1055 S.
449 1039 516 1055 Petrum
532 1038 564 1054 sub
577 1038 628 1054 anulo
640 1037 662 1053 Pi:

171 1065 201 1081 die
212 1069 230 1081 12
241 1065 285 1081 Iunii
295 1065 341 1085 ¹891,
349 1064 459 1081 Pontii-leatus
467 1064 526 1080 Nostri
534 1069 579 1080 anuo
592 1064 658 1080 decimo

393 1111 417 1127 M.
428 1111 486 1128 (ΖΛΜ).
498 1109 662 1127 LEDOCHOWSI

419 1167 422 1176 ι
